3082 4950
674 233 845 301 mim

148 384 621 470 hdusedioiunrmpollodll
642 388 673 469 t,
695 388 981 466 liethetorienes
996 387 1271 453 sirelioliunihes
1286 388 1385 454 (ltm-

150 503 204 562 tus
226 505 260 563 et
280 498 517 580 Eurytuspsed
537 499 926 579 heneonemlbemistus,
945 518 1012 580 qun
1031 500 1072 563 de
1093 503 1181 564 meet
1201 499 1386 580 Ammoi

151 610 180 689 9,
202 612 237 690 2,
265 617 299 674 et
323 612 482 676 Abantem
503 612 684 675 Arethusae
709 610 811 674 filium
831 630 892 692 quo
919 610 1056 674 reiernnn
1080 629 1146 674 non
1173 611 1281 690 mgis
1303 611 1388 675 mihi

151 728 292 800 constet,
319 740 414 803 quam
443 723 483 787 de
504 720 723 786 Philemone
742 721 886 786 Philotto
905 728 938 786 et
959 721 1131 802 Spinthere
1149 720 1288 785 Vulturni
1306 720 1387 786 dim

151 832 223 912 quie
243 840 372 913 praeter
399 840 547 898 menum
572 833 745 897 memoriae
763 833 943 896 undidemt
984 832 1097 896 llnrtis
1123 830 1197 910 filli,
1225 832 1388 914 equum

149 942 326 1008 ilarmoma
353 945 521 1010 eximenda
547 951 615 1024 eet,
644 945 678 1008 in
700 942 818 1008 fnbul‘m
845 952 1015 1008 ooeummt
1044 962 1164 1008 ornnes.
1193 943 1388 1009 eldermii

151 1062 260 1120 tamen
280 1055 389 1121 liberie
410 1056 598 1138 requirimus
618 1055 769 1136 Priapum
789 1054 910 1136 Libyn,
929 1055 1047 1135 Libyes
1066 1054 1183 1134 filium,
1204 1055 1388 1136 Cephalum

151 1184 169 1230 e
185 1167 307 1232 Creusa
320 1166 493 1232 Erechthei
513 1164 581 1231 filia
600 1173 723 1245 natum,
743 1167 834 1231 euius
851 1172 987 1229 matrem
1000 1166 1216 1246 Apollodorus
1229 1167 1280 1231 III
1295 1168 1387 1245 143

151 1277 275 1343 Hersen
303 1277 405 1343 imese
432 1277 580 1342 tradidit:
611 1294 715 1359 neque
742 1296 781 1341 en
807 1275 967 1357 Apollinis
993 1277 1102 1342 liberis
1129 1283 1262 1358 praeter

150 1391 377 1472 Aesculapium
407 1392 441 1454 in
467 1388 649 1454 {sumnum
676 1387 757 1453 libre
787 1388 872 1452 ullus
899 1388 1080 1468 respicitur.
1127 1390 1271 1454 nimie·
1298 1389 1388 1455 eninr

151 1499 373 1566 eddxbvlt
395 1500 538 1566 CLXXX
558 1501 700 1566 nonnisi
720 1502 754 1565 in
774 1499 1167 1580 momenmentum,
1188 1500 1389 1566 del'hilnrn·

151 1613 254 1677 monis
276 1619 382 1677 eutem
397 1612 585 1693 pereudbus
607 1611 811 1677 reconvenit
824 1612 954 1693 quidem
975 1627 1001 1675 e
1016 1611 1116 1676 CLIX
1130 1618 1163 1675 et
1178 1613 1231 1678 cc
1246 1612 1389 1677 sumum

151 1723 221 1788 bue
263 1722 422 1804 Delphum
443 1742 521 1788 rero
540 1727 681 1804 Agreum
694 1724 872 1804 hymmum
885 1722 1002 1786 Linum
1015 1722 1175 1803 Apollinis
1194 1721 1280 1788 lilios
1300 1741 1389 1788 tom-

151 1835 348 1899 memorandi
365 1853 447 1915 quae
462 1853 580 1899 caussa
593 1832 691 1898 fuerit
702 1852 836 1914 promus
852 1834 974 1914 ignoro
1005 1833 1155 1898 llertul‘n
1169 1832 1255 1899 lilios
1268 1852 1288 1898 e
1302 1834 1390 1900 libro

152 1947 296 2009 seeundo
324 1947 529 2026 cognorimus
557 1944 775 2026 llepolemum
803 1944 979 2024 Telephum
1001 1944 1244 2009 Therimachon
1267 1945 1390 2011 Creon-

152 2056 271 2121 tiedem
293 2056 477 2139 Diopitbem
498 2057 693 2135 Deioooutn‚
719 2055 824 2120 omitti
851 2056 1003 2120 mhumur
1027 2055 1227 2136 Thespiades
1255 2056 1391 2138 Hyllum

152 2168 312 2248 Euenum,
341 2186 433 2250 quem
456 2174 563 2234 temen
591 2185 657 2232 nou
679 2168 833 2232 omissum
852 2167 954 2231 inisse
976 2185 995 2231 e
1015 2185 1041 2231 n
1056 2166 1221 2232 CCXIIV.
1242 2167 1390 2234 CCXIII

154 2286 290 2359 montet,
311 2286 345 2344 et
365 2296 499 2360 quorum
521 2278 651 2343 uomina
672 2277 860 2343 dubitantur
871 2278 1026 2343 huoiteu
1047 2286 1081 2342 et
1094 2277 1292 2362 leucippum
1313 2298 1390 2345 turn

156 2390 315 2456 Archeloo
341 2388 513 2472 (Ageloo‘t)
535 2398 570 2456 et
590 2390 672 2455 Iido
693 2389 846 2471 (Lydoi).
885 2388 947 2453 liis
972 2389 1108 2470 coguitis
1134 2390 1268 2470 sequius
1293 2390 1391 2457 nobis

154 2502 196 2568 de
216 2500 298 2567 libro
319 2499 352 2566 ll
380 2502 559 2567 ludendum
589 2501 652 2566 erit
678 2501 841 2566 iudicium
868 2500 897 2566 si
924 2501 1001 2581 quid
1030 2501 1114 2565 enirn
1140 2500 1175 2565 iu
1203 2520 1243 2566 eo
1271 2501 1390 2568 exilius

154 2612 274 2678 dietum
303 2612 443 2693 ridetur,
474 2612 719 2678 existimandum
748 2612 826 2691 erit,
855 2611 916 2676 hoc
943 2630 1008 2676 nou
1037 2611 1179 2677 auctoris
1203 2611 1391 2694 ignomin

152 2724 271 2790 loetum
293 2744 374 2804 esse,
396 2723 455 2788 sed
468 2742 620 2804 perverso
635 2722 855 2805 epitomatoris
876 2721 1045 2788 brevitatis
1060 2723 1178 2802 studio,
1199 2724 1254 2806 qui
1267 2724 1390 2792 fabule

154 2835 418 2901 reconditioribus
439 2834 551 2900 recisis
570 2835 605 2900 iu
625 2835 742 2914 vulgus
757 2841 852 2899 notas
867 2840 1069 2915 recoqueree
1089 2836 1177 2900 unde
1190 2833 1311 2901 fumum
1326 2842 1390 2916 mi,

154 2951 191 3010 ut
211 2964 295 3026 quoe
320 2946 352 3011 iu
377 2946 459 3012 libro
480 2947 529 3010 lll
555 2946 656 3010 insint
682 2944 811 3008 nomino
840 2944 971 3025 gravim
998 2952 1150 3027 corrupto
1175 2951 1234 3011 aut
1258 2947 1389 3013 omnino

155 3056 271 3139 tornigi
285 3075 348 3122 nou
363 3057 499 3138 possint,
517 3063 574 3121 nut
589 3054 770 3121 coniectura
783 3055 889 3120 miuus
904 3061 993 3122 oerta
1006 3059 1225 3123 emendentur.
1246 3057 1388 3124 nonieies

155 3186 285 3250 oporam
307 3166 438 3233 dedisse
452 3166 703 3248 epitomatorem,
723 3184 764 3231 ne
784 3166 857 3232 libri
871 3168 903 3232 ll
918 3168 1057 3234 ambitus
1072 3169 1279 3234 ducentorum
1295 3167 1389 3235 iebu-

154 3278 257 3345 lerum
279 3296 444 3345 numerum
474 3277 654 3344 excederet:
682 3295 757 3342 num
786 3283 835 3342 tot
860 3277 927 3344 iere
956 3279 1074 3362 epuiis
1097 3279 1229 3346 obiectis
1250 3286 1387 3347 restent

241 3389 353 3456 Soluto
375 3387 533 3455 diffieilior
554 3400 605 3455 est
626 3389 730 3454 altero
750 3391 897 3471 quaestio
922 3396 1031 3456 utunm
1050 3391 1198 3474 Hyginus
1219 3392 1387 3459 materiem

156 3503 196 3569 ab
210 3501 302 3568 initio
322 3521 381 3584 por
402 3501 509 3583 cupito
533 3500 724 3567 distribuere
741 3518 783 3566 an
802 3508 958 3583 perpetuo
971 3502 1163 3568 nomenonii
1184 3508 1296 3570 tenore
1313 3524 1388 3586 per·

154 3620 295 3680 tractore
314 3612 477 3679 moluerit:
506 3612 610 3678 dicem
631 3617 739 3677 tomen
761 3613 838 3695 quid
860 3613 1007 3678 sendum.
1034 3613 1063 3679 si
1084 3633 1194 3679 rerum
1221 3622 1273 3681 est
1300 3598 1388 3698 quod

156 3743 255 3808 supro
275 3723 466 3791 oonieeimus
481 3724 686 3791 oPlutoreho
699 3732 873 3805 personato
887 3724 920 3789 in
937 3743 1005 3805 por.
1018 3725 1093 3790 min
1108 3727 1200 3792 XXX
1214 3728 1291 3805 (rol
1308 3728 1388 3795 VIII

156 3858 187 3920 p.
201 3837 261 3902 431
286 3836 334 3918 H)
356 3835 411 3900 ubi
432 3835 587 3902 Dositheo
608 3835 641 3900 iu
661 3831 867 3912 Πελοπίδαις
888 3835 1106 3901 testimonium
1130 3837 1302 3904 denuntiet
1321 3858 1388 3905 nou

156 3948 314 4031 integrum
336 3946 450 4012 librum
473 3945 617 4028 aliquod,
640 3946 699 4012 sed
719 3945 822 4027 ipsius
844 3946 917 4011 libri
938 3949 1040 4013 nostri
1063 3966 1132 4014 eam
1154 3949 1295 4030 spectari
1314 3969 1388 4032 per·

157 4065 237 4134 tem,
267 4076 329 4141 que
351 4057 573 4140 Pelopidarum
603 4057 724 4123 scelera
755 4057 968 4139 castigantur,
998 4077 1100 4139 neque
1128 4058 1267 4126 fortasse
1297 4061 1387 4126 casui

158 4170 406 4248 dandonem,
435 4168 521 4248 quod
548 4167 652 4250 ipsum
685 4173 782 4250 caput
800 4169 997 4235 LXXXVIII
1019 4170 1239 4252 Pelopidae
1269 4170 1313 4236 sit
1339 4173 1387 4237 in-

157 4280 324 4363 sumptum,
352 4278 420 4344 iuro
442 4278 533 4344 nobis
554 4280 718 4361 postulare
739 4280 883 4344 videmur
905 4286 941 4344 ut
961 4281 1110 4346 universe
1131 4282 1210 4348 hoec
1231 4282 1273 4346 de
1294 4282 1387 4348 Pelo·

157 4390 303 4473 pidarurn
334 4388 463 4473 flagitiis
492 4389 729 4471 commentatio,
761 4389 896 4472 singulis
924 4390 1027 4457 titulis
1059 4392 1188 4473 deleth,
1217 4394 1387 4461 contiuuse
