3082 4950
750 240 791 305 69

156 395 203 459 ita
226 393 259 459 in
281 412 368 459 mare
389 389 630 475 praecipitabat.
658 394 742 459 hunc
755 393 898 459 Theseus
920 393 990 475 pari
1010 393 1075 458 1616
1096 392 1129 457 11
1151 409 1239 457 16616
1261 390 1384 471 deiecit,

156 525 195 572 ex
211 524 274 587 quo
289 505 428 570 Scironis
445 509 555 586 petrae
574 509 649 569 sunt
665 504 778 570 dictae.
794 554 798 561 .
812 504 1004 587 Cercyonem
1020 504 1154 570 Vulcani
1171 503 1270 568 filiurn
1286 501 1383 568 armis

156 616 280 681 occidit.
323 617 444 698 Aprum
475 615 528 698 qui
555 615 615 680 fuit
637 615 843 698 Crommyone
864 614 1031 681 1616116611.
1075 616 1214 680 Taurum
1241 614 1295 696 qui
1323 614 1383 679 fuit

154 727 354 808 Marathone,
375 745 468 808 quem
491 727 644 793 Hercules
667 747 686 793 a
708 727 805 793 Creta
826 728 868 793 ad
889 728 1103 810 Eurystheum
1125 726 1309 807 adduxerat,
1331 744 1383 791 oc-

155 837 241 903 cidit.
285 837 500 903 Minotaurum
523 837 640 919 oppido
663 829 765 904 Gnosi
787 838 909 904 occidit.
1391 829 1411 894 5

551 1034 571 1083 s'
582 1033 766 1100 XXXVIIII
787 1034 952 1101 Daedalus

239 1170 402 1237 Daedalus
428 1170 598 1252 Eupalami
619 1168 719 1251 filius,
742 1171 796 1253 qui
818 1169 970 1237 fabricam
990 1170 1169 1236 aMinerva
1192 1168 1308 1235 dicitur
1330 1187 1381 1234 ac-

152 1282 287 1365 cepisse,
308 1281 472 1348 Perdicem
489 1280 608 1347 sororis
624 1301 702 1347 suae
717 1281 816 1347 filiurn
831 1287 963 1365 propter
977 1281 1102 1348 artificii
1117 1280 1277 1362 invidiam,
1295 1280 1381 1363 duod

151 1393 181 1459 is
204 1393 338 1476 primum
361 1410 482 1458 serram
504 1392 826 1474 inveneratsummo
847 1399 932 1459 tecto
954 1393 1079 1458 deiecit.
1104 1392 1143 1458 ob
1164 1392 1199 1457 id
1220 1392 1325 1458 scelus
1346 1391 1378 1456 in

152 1504 280 1602 exilium
303 1504 343 1570 ab
366 1503 500 1570 AthenIs
523 1503 650 1570 Cretam
672 1504 714 1569 ad
735 1521 844 1587 regem
865 1504 1005 1569 Minoem
1025 1503 1110 1570 abiit
1216 1501 1219 1505 ’

580 1736 596 1762 s
615 1699 735 1765 XXXX
754 1700 914 1781 Pasiphae

236 1834 396 1918 Pasiphae
418 1835 501 1902 Solis
523 1834 589 1901 filia
610 1855 690 1901 uxor
709 1836 826 1902 Minois
848 1854 941 1902 sacra
962 1836 1041 1902 deae
1063 1835 1222 1918 Venerils]
1243 1852 1301 1915 per
1323 1833 1430 1898 ali-10

150 1951 230 2029 quot
252 1965 353 2013 annos
375 1965 438 2012 non
460 1945 587 2014 1666161.
616 1947 655 2013 ob
671 1947 705 2013 id
721 1948 830 2014 Venus
849 1966 987 2014 amorem
1004 1947 1168 2013 infandum
1190 1945 1237 2011 illi
1255 1945 1379 2027 obiecit,

149 2063 188 2122 ut
209 2061 335 2123 taurum
357 2057 412 2123 illa
435 2061 567 2124 amaret.
609 2059 646 2123 In
664 2059 725 2124 hoc
742 2059 906 2125 Daedalus
929 2058 1001 2124 exul
1023 2077 1093 2124 cum
1114 2057 1264 2138 venisset,
1284 2056 1380 2138 petiit

150 2168 192 2235 ab
215 2187 253 2233 eo
275 2168 435 2234 auxillum.
457 2169 485 2234 16
508 2169 681 2235 eivacoam
702 2170 840 2252 ligneam
861 2170 989 2236 1661161
1011 2187 1106 2235 verae
1122 2186 1237 2234 vaccae
1260 2167 1378 2234 corium

149 2279 289 2361 induxit,
318 2280 351 2345 in
379 2297 442 2361 qua
462 2280 519 2345 illa
541 2298 611 2345 cum
639 2285 731 2347 tauro
755 2281 855 2365 lquem
882 2281 954 2362 ipsa
976 2279 1111 2366 amabat}
1134 2279 1310 2346 concubuit.
1339 2299 1378 2343 ex

151 2410 214 2474 quo
238 2408 422 2472 compressu
443 2390 658 2456 Minotaurum
680 2392 806 2473 peperit
835 2392 939 2474 capite
965 2391 1083 2457 bubulo
1110 2395 1203 2472 parte
1228 2389 1377 2485 inferiore
1389 2386 1428 2453 15

150 2503 299 2568 humana.
330 2505 406 2566 tuno
427 2501 589 2567 Daedalus
611 2501 792 2567 Minotauro
813 2502 1027 2585 labyrinthum
1054 2500 1265 2567 inextricabili
1291 2500 1377 2565 exitu

149 2612 226 2678 16611
249 2612 282 2677 16
304 2631 366 2695 quo
389 2616 440 2677 661
461 2613 638 2679 conclusus.
681 2613 786 2679 Minos
815 2632 850 2679 re
873 2614 999 2696 cognita
1020 2613 1196 2679 Daedalum
1217 2612 1250 2676 in
1273 2614 1377 2676 custo-

150 2724 237 2790 diam
259 2722 400 2789 coniecit.
430 2727 464 2789 at
478 2724 638 2805 Pasiphae
653 2742 725 2790 eum
740 2724 873 2790 vinculis
888 2725 1042 2791 liberavit.
1084 2724 1198 2805 Itaque
1212 2722 1376 2789 Daedalus

150 2853 274 2918 pennas
296 2833 357 2900 sibi
380 2839 413 2900 61
433 2834 524 2900 Icaro
550 2834 616 2901 filio
638 2853 697 2901 suo
719 2835 795 2920 fecit
822 2841 856 2902 et
876 2834 1125 2902 accommodavit
1153 2839 1187 2900 et
1206 2834 1282 2900 inde
1302 2852 1377 2900 avo·

149 2946 266 3012 lamnt.
308 2946 420 3012 Icarus
441 2946 538 3012 altius
555 2947 676 3028 volans,
697 2964 718 3012 6
736 2948 804 3014 6616
828 2965 901 3014 6616
916 2948 1078 3029 calefacta,
1100 2946 1219 3013 decidit
1240 2947 1272 3013 in
1290 2949 1428 3014 1661620

151 3059 237 3140 quod
258 3076 296 3124 ex
318 3075 356 3122 66
377 3057 513 3122 Icarium
535 3058 669 3141 pelagus
697 3062 747 3125 661
768 3059 973 3141 appellatum.
1015 3058 1179 3125 Daedalus
1200 3056 1377 3140 pervolavit

150 3169 192 3235 ad
213 3187 319 3251 regem
337 3167 486 3234 Cocalum
507 3168 540 3235 iu
554 3168 703 3236 Siciliam.
725 3205 767 3217 —
789 3169 854 3235 Alii
872 3170 996 3235 dicunt:
1017 3170 1161 3236 Theseus
1183 3187 1253 3235 cum
1276 3167 1377 3233 Mino·

149 3284 277 3347 taurum
299 3279 415 3346 occidit
435 3279 614 3346 Daedalum
636 3281 780 3346 Athenas
801 3280 835 3345 in
856 3281 993 3362 patriam
1015 3298 1107 3347 suam
1128 3279 1263 3346 reduxit.

149 3451 353 3466 -—

152 3565 288 3614 1166161
312 3562 471 3612 6611061616
524 3563 731 3611 266161666161
784 3565 799 3613 3
824 3563 984 3613 6161616661
1005 3578 1060 3612 6611
1079 3562 1103 3613 Σ
1155 3563 1338 3613 1661161116166
1354 3564 1376 3609 P

150 3674 206 3709 corr
224 3658 311 3707 (lomm
363 3659 378 3706 15
398 3654 437 3724 lael
456 3657 544 3718 oppido
561 3658 617 3706 coni
633 3658 672 3705 Bu

218 3753 367 3811 XXXVIIII
377 3750 435 3814 περὶ
445 3747 572 3804 δαιδάλου.
586 3752 617 3800 da
628 3751 740 3803 Daedalo
752 3752 885 3802 Dosithaua
897 3768 922 3814 p.
935 3755 967 3804 66
1003 3755 1017 3802 d
1031 3753 1143 3815 euphomi
1154 3754 1175 3800 F
1187 3767 1242 3801 6611
1253 3751 1309 3799 Mic.
1321 3752 1337 3799 i.
1351 3767 1376 3799 m

150 3850 166 3897 8
184 3847 319 3897 66661661
337 3859 392 3894 6611
410 3844 496 3894 comm
980 3858 983 3863 ·
1056 3862 1065 3873 ·

218 3941 265 3989 xl.
282 3946 307 3989 61
325 3941 364 3990 10.
385 3943 416 3989 18
433 3942 569 4003 pasiphaF
587 3955 642 3989 6611
658 3942 717 3989 Ilio.
734 3956 759 3990 m
778 3937 789 4010 11
806 3942 887 3990 aarum
896 3942 939 3990 liu
992 3944 1022 3991 12
1040 3946 1138 3990 taurum
1154 3957 1227 4003 quem
1244 3942 1298 4003 ipsa
1310 3955 1375 3989 ama-

149 4036 192 4085 bat
209 4035 259 4083 alic
277 4042 371 4084 6166161
387 4036 422 4097 F,
441 4036 467 4084 in
485 4051 533 4097 quo
550 4040 612 4084 16616
622 4035 725 4097 Micyllo
743 4037 767 4085 h.
783 4038 800 4084 l.
818 4039 897 4086 ‘erasa
914 4036 1035 4098 quaedam
1052 4041 1076 4084 61
1093 4035 1143 4084 6116
1160 4037 1332 4098 superinducta
1349 4039 1376 4086 ut

150 4129 253 4178 dubium
279 4143 329 4176 non
353 4131 386 4178 611
408 4130 467 4191 quin
484 4130 567 4179 verbis
588 4130 628 4179 his
645 4132 760 4179 mendum
778 4131 878 4192 aliquod
894 4129 969 4180 insit’.
1006 4131 1099 4192 Scripsi
1121 4131 1181 4178 ‘Ma'
1204 4146 1249 4193 pro
1268 4131 1333 4179 ‘alic'
1352 4138 1376 4181 61

149 4225 245 4285 reliqna
261 4228 318 4283 post
336 4227 400 4272 ‘cum
424 4225 502 4272 tauro'
527 4224 618 4273 retraxi
672 4226 702 4273 13
728 4224 794 4273 6611
819 4240 873 4273 6611
898 4224 947 4273 Sch
999 4227 1030 4274 15
1054 4240 1193 4287 compresso
1210 4227 1232 4272 I*
1255 4241 1310 4274 corr
1327 4226 1375 4274 Scir

151 4322 184 4368 11
203 4318 344 4365 1661661111
361 4332 416 4366 6611
428 4317 514 4366 comm
532 4315 542 4383 ll
563 4302 661 4366 Dosith.
678 4333 702 4379 p.
717 4321 749 4366 67
766 4316 824 4383 περὶ
842 4314 1006 4385 μινωταῦρου.
1024 4320 1055 4370 do
1071 4319 1217 4381 minotauro,
1235 4320 1277 4381 qui
1293 4324 1375 4370 611161

153 4413 219 4461 hanc
237 4411 347 4461 tabulam
364 4427 396 4461 66
413 4412 486 4462 XLII
503 4412 650 4473 expresserit
666 4413 786 4462 Incertum
