3082 4950
678 239 756 304 LIII

154 366 160 383 ,
190 394 344 453 Siciliain
365 395 484 454 triscelo
507 395 617 473 posita:
640 397 766 455 circuitu
789 396 883 455 stadia
1005 397 1243 458 DOooCLXrXX

190 507 327 565 Sardinia
582 507 615 565 in
638 507 763 567 circuitu
785 508 879 567 stadia
1005 508 1133 568 DODCL

190 619 277 676 Creta
297 618 330 676 in
351 617 537 692 longitudine
561 619 721 679 ooooDCC
743 619 868 679 circuitu
890 621 985 678 stadia
1005 621 1211 682 DCDCCCXC

192 731 305 806 Cyprus
328 731 454 790 circuitu
476 731 571 789 stadia

192 841 312 899 Rhodos
332 841 366 899 in
387 842 514 901 rotundo
536 842 634 919 posita
657 842 783 902 circuitu
804 841 899 900 stadia
1006 845 1119 902 ooCCL

190 953 312 1011 Euboea
334 953 460 1013 circuitu
480 953 575 1012 stadia
1006 955 1210 1015 000000DCL

191 1066 320 1142 Corcyra
973 1052 982 1059 ¹

194 1176 303 1253 Sonon
324 1196 395 1250 ager
410 1179 506 1236 bonus
525 1176 651 1235 circuitu
671 1176 766 1234 stadia
1008 1177 1088 1236 mille
1105 1182 1223 1236 centum

192 1287 325 1347 Tenedos
346 1288 444 1346 insula
465 1291 569 1347 contra
589 1286 679 1345 Ilium
703 1288 829 1347 circuitu
852 1289 946 1347 stadia
1009 1290 1088 1349 MCC

193 1400 312 1458 Corsica
333 1419 404 1474 ager
425 1399 570 1476 pessimus
593 1399 719 1458 circuitu
741 1399 836 1458 stadia
1013 1401 1211 1460 ooooooCCL

192 1510 276 1569 Mille
295 1511 373 1569 enim
388 1530 492 1586 passus
517 1531 582 1569 cum
598 1511 700 1569 decem
715 1511 810 1569 stadia
823 1512 1051 1571 Eratosthenica
1074 1517 1214 1592 aequent,
1244 1510 1337 1569 totius

108 1621 261 1680 Sardiniae
279 1622 531 1695 circumferentia,
560 1641 647 1700 quam
665 1621 781 1680 Plinius
803 1628 833 1681 et
848 1623 1018 1682 Marcianus
1036 1624 1156 1700 Capella
1174 1623 1288 1682 DLXV
1304 1623 1337 1679 M

107 1752 247 1810 passuum
275 1753 339 1792 esse
367 1738 518 1806 asserunt,
548 1753 667 1792 necesse
690 1738 736 1792 est
757 1733 851 1792 stadia
875 1735 1036 1794 confecerit
1056 1735 1209 1795 DcDoL:
1239 1754 1337 1814 neque

108 1844 199 1903 alium
221 1864 377 1904 numerum
399 1845 586 1921 perhibuisse
607 1845 775 1922 Hyginum,
806 1845 857 1905 ubi
884 1865 963 1903 nunc
989 1846 1100 1906 XCCL
1123 1847 1234 1919 editur,
1267 1846 1337 1904 inde

107 1956 180 2014 mihi
201 1955 305 2016 videor
323 1963 404 2016 recte
422 1956 576 2031 colligere,
605 1959 684 2036 quod
700 1958 732 2015 in
747 1957 826 2019 notis
843 1957 1044 2016 numeralibus
1061 1959 1107 2017 CL
1131 1978 1197 2017 cum
1214 1977 1337 2016 numero

108 2067 327 2128 eratosthenico
346 2070 494 2130 convenit.
538 2072 638 2149 Atque
655 2070 734 2128 idem
758 2068 891 2128 accidere
911 2069 1133 2128 observabimus
1149 2070 1182 2128 in
1202 2069 1241 2127 iis
1257 2069 1337 2127 notis

107 2179 324 2252 numeralibus,
348 2201 424 2260 quae
446 2179 565 2240 Siciliae
585 2186 614 2239 et
637 2182 740 2240 Cretae
764 2181 948 2238 circumitum
969 2181 1111 2239 indicant.

192 2291 325 2350 Indicam
343 2312 361 2350 a
384 2313 431 2351 me
453 2297 574 2367 rogatus
597 2293 724 2351 confecit
740 2292 861 2352 Carolus
877 2293 985 2365 Siegen
1002 2292 1196 2351 Vimariensis
1219 2291 1337 2352 iuvenis

107 2402 210 2462 sollers
233 2407 263 2462 et
283 2402 462 2476 industrius,
485 2405 652 2463 academiae
672 2404 808 2463 Ienensis
831 2403 945 2465 civibus
966 2424 1062 2480 nuper
1084 2402 1257 2479 adscriptus.

192 2606 249 2670 III.
281 2604 401 2688 Hygini
419 2602 676 2688 genealogiarum
698 2605 797 2671 libros
820 2605 968 2670 eLatino
990 2606 1022 2670 in
1041 2606 1197 2671 Graecum
1220 2623 1338 2669 sermo·
1447 2618 1451 2625 ’

107 2735 179 2781 nem
202 2717 272 2798 quis
294 2717 513 2798 transtulerit,
542 2718 665 2797 nescio;
696 2719 754 2782 sed
781 2717 955 2783 translatos
984 2735 1056 2782 0000
1078 2721 1214 2782 constat.
1256 2717 1348 2800 Nam¹

108 2847 221 2910 graece
243 2829 386 2894 redditos
407 2828 487 2911 legit
507 2828 682 2894 Dositheus
704 2829 865 2912 magister,
887 2830 941 2911 qui
963 2829 1070 2911 capita
1091 2828 1244 2893 nonnulla
1265 2828 1340 2892 inde

107 2938 320 3022 transscripta
338 2940 405 3005 suis
421 2941 775 3022 interpretamentorum
797 2940 886 3005 libris
904 2940 1049 3006 inseruit.
1091 2940 1162 3005 Vid.
1178 2939 1340 3020 Boecking

108 3049 255 3114 Dosithei
291 3051 437 3133 magistri
470 3052 826 3134 interpretamentorum
861 3051 941 3116 liber
972 3053 1087 3117 tertius
1118 3053 1219 3117 Bonn.
1257 3052 1340 3116 1832

108 3182 139 3244 p.
157 3162 307 3227 66—72.
358 3162 545 3244 Bernhardy
574 3163 806 3228 Eratosthenis.
831 3183 862 3245 p.
880 3164 1072 3228 129—133.
1116 3162 1338 3228 CLachmann

109 3273 255 3337 Versuch
286 3273 365 3338 uber
386 3273 560 3339 Dositheus
582 3273 686 3339 Berol.
719 3275 809 3339 1837.
837 3274 867 3339 4.
895 3295 925 3357 p.
943 3273 995 3340 6*.
1039 3275 1167 3356 Itaque,
1196 3274 1340 3356 nequid

110 3383 303 3464 omitterem,
335 3385 420 3465 quod
448 3385 561 3450 lectori
588 3385 683 3450 alicui
710 3385 783 3450 usui
811 3405 882 3452 esse
909 3385 1010 3450 videri
1038 3390 1166 3467 posset,
1200 3403 1238 3449 ea
1267 3384 1340 3466 ipsa

110 3495 217 3578 capita
239 3495 414 3562 scribarum
430 3496 577 3563 sordibus
592 3496 729 3563 liberata
745 3497 818 3561 huic
832 3496 1023 3579 praefationi
1039 3495 1206 3561 adicienda
1223 3497 1340 3562 curavi.
