3082 4950
747 235 789 300 93

124 415 127 421 ·
153 389 200 454 eis
223 386 375 453 obiecit
397 405 621 468 servamque
643 405 701 469 pro
724 387 1303 472 easupposuit;1phigeniamque
1326 410 1384 473 per

151 499 253 564 nubes
268 499 301 564 in
319 502 436 564 terram
453 498 620 565 Tauricam
636 499 751 565 detulit
764 498 871 581 ibique
888 499 998 581 templi
1015 500 1065 565 soi
1083 502 1281 567 sacerdotem
1299 501 1382 567 lecit.

615 704 643 745 s
658 695 759 762 XCIX
780 697 872 778 Auge

235 834 329 916 Auge
353 832 426 898 Alei
446 832 512 898 filia
532 833 573 899 ab
597 832 735 898 Hercule
759 850 942 914 compressa
963 851 1034 897 cum
1059 838 1172 914 partus
1197 834 1328 900 adesset
1350 834 1383 899 in

152 949 260 1009 monte
275 944 447 1010 Parthenio
469 943 595 1027 peperit
612 949 643 1009 et
660 943 704 1009 ihi
721 963 793 1009 eum
811 944 966 1026 exposuit.
1008 944 1130 1009 Eodem
1147 949 1291 1026 tempore
1306 947 1384 1011 Ata-

151 1055 239 1121 lante
255 1056 333 1122 Iasii
354 1054 421 1121 filia
436 1055 536 1121 filium
558 1055 706 1137 exposuit
729 1075 768 1121 ex
784 1056 947 1138 Meleagro
963 1059 1090 1136 natum,
1112 1056 1260 1122 Herculis
1276 1056 1413 1122 antemi)

152 1166 250 1232 lilium
274 1154 367 1233 cerva
387 1166 556 1232 nutriebat.
578 1167 637 1232 hos
659 1172 806 1249 pastores
828 1168 975 1233 inventos
996 1166 1196 1232 sustulerunt
1214 1176 1311 1251 etque
1327 1189 1384 1234 nu·

151 1277 303 1358 trierunt,
326 1277 441 1359 quihus
459 1277 587 1343 nomina
606 1277 826 1360 imposuerunt
845 1279 992 1345 Herculis
1013 1277 1079 1343 filio
1095 1278 1284 1361 Telephum,
1307 1299 1384 1362 quo·

152 1390 238 1455 niam
259 1408 353 1455 cerva
370 1388 544 1455 nutrierat:
573 1389 743 1455 Atalantes
769 1393 877 1455 autem
898 1376 1205 1475 Parthenoplaleum,
1234 1392 1383 1472 quoniam

151 1499 323 1584 virginelml
345 1500 508 1580 simullans
530 1500 689 1583 Atallante
710 1500 742 1565 in
766 1507 875 1566 monte
893 1500 1066 1566 Parthenio
1091 1519 1163 1565 eum
1184 1510 1383 1583 exposuerat.
1487 1505 1489 1509 '

152 1612 230 1694 Ipsa
245 1615 351 1676 autern
367 1613 457 1694 Auge
473 1616 598 1693 patrem
615 1629 706 1676 suum
723 1612 841 1676 timens
861 1611 1003 1694 profugit
1017 1612 1049 1677 in
1067 1612 1204 1695 Mysiam
1220 1615 1262 1679 ad
1276 1633 1383 1697 regern
1394 1614 1435 1678 10
1483 1615 1488 1626 “

152 1721 396 1803 Teuthrantem,
419 1723 473 1806 qui
496 1741 566 1788 cum
589 1728 677 1790 esset
698 1723 794 1789 orbus
816 1721 926 1787 liberis
948 1722 1031 1789 hanc
1052 1742 1111 1806 pro
1132 1722 1199 1789 lilia
1221 1725 1340 1791 hahuit.

597 1914 624 1967 J
665 1919 870 1986 GTeuthras

238 2057 467 2122 Teuthrantem
483 2075 592 2139 regem
611 2056 644 2121 in
663 2056 768 2139 Mysia
785 2057 861 2122 Idas
879 2056 1020 2149 Apharei
1035 2057 1120 2123 filius
1138 2076 1236 2140 regno
1255 2059 1383 2141 privare

152 2170 260 2236 voluit.
292 2186 440 2252 quocum
459 2167 620 2250 Telephus
639 2167 786 2233 Herculis
802 2166 888 2233 filius
911 2186 948 2233 ex
963 2187 1119 2250 responso
1138 2187 1294 2251 quaerens
1318 2191 1384 2236 ma-

151 2287 235 2347 trem
253 2299 322 2346 cum
340 2279 454 2345 comite
470 2279 717 2360 Parthenopaeo
734 2278 877 2345 venisset
894 2283 965 2359 [et],
986 2278 1060 2344 huic
1076 2279 1234 2346 Teuthras
1248 2301 1383 2366 regnum

152 2397 185 2458 et
210 2391 308 2458 filiam
333 2394 445 2474 Augen
469 2389 503 2455 in
529 2390 710 2472 coniugium
737 2390 887 2456 daturum
911 2390 1073 2473 promisit,
1106 2390 1134 2455 si
1159 2409 1195 2457 se
1223 2393 1264 2458 ab
1289 2395 1383 2460 hoste
1394 2397 1434 2462 15

150 2509 300 2570 tutasset.
343 2502 503 2583 Telephus
528 2500 740 2567 conditionem
763 2501 849 2583 regis
873 2520 936 2567 non
959 2501 1189 2584 praetermisit,
1219 2522 1289 2569 cum
1305 2506 1383 2571 Par-

151 2615 332 2696 thenopaeo
357 2613 449 2679 ldam
480 2631 542 2678 uno
570 2610 692 2693 praelio
721 2613 893 2694 superavit.
921 2613 970 2678 cui
1003 2631 1058 2677 rex
1087 2612 1260 2695 pollicitam
1287 2615 1383 2683 fidem

150 2725 313 2809 praestitit
340 2743 537 2808 regnumque
566 2729 598 2789 et
626 2726 739 2806 Augen
769 2730 903 2790 matrem
931 2723 1120 2789 inscientem
1141 2724 1175 2789 in
1202 2726 1382 2809 coniugium

151 2837 250 2902 dedit.
294 2837 480 2915 Quaeram
505 2836 671 2902 mortalem
698 2835 856 2901 neminem
878 2836 975 2901 vellet
1002 2854 1094 2901 suum
1121 2853 1236 2919 corpus
1262 2838 1382 2905 violare

147 2948 328 3037 Telephum
343 2946 522 3014 interficere
539 2946 640 3012 voluit
654 2946 756 3013 inscia
772 2946 872 3012 filium
890 2966 991 3014 suum.
1013 2947 1123 3030 itaque
1142 2966 1212 3013 cum
1231 2949 1264 3014 in
1280 2951 1382 3016 thala·
1391 2954 1434 3018 20

151 3078 238 3125 mum
256 3058 432 3140 venissent,
454 3060 545 3141 Auge
563 3076 672 3124 ensem
689 3058 826 3140 sumpsit
842 3063 878 3124 ut
893 3058 1067 3140 Telephum
1085 3057 1283 3126 interficeret.
1315 3066 1382 3127 tum

152 3171 283 3238 deorum
297 3170 463 3236 voluntate
476 3169 592 3235 dicitnr
607 3170 704 3234 draco
719 3169 849 3235 immani
864 3169 1083 3252 magnitudine
1097 3169 1182 3235 inter
1196 3190 1252 3238 eos
1269 3174 1382 3254 exisse,

151 3300 214 3366 quo
233 3281 303 3349 viso
321 3283 414 3363 Auge
430 3298 538 3347 ensem
556 3279 689 3361 proiecit
704 3284 736 3345 et
755 3280 896 3363 Telepho
911 3281 1073 3364 inceptum
1089 3281 1250 3364 patefecit.
1293 3284 1383 3349 Tele-

150 3395 235 3477 phus
254 3413 289 3460 re
307 3393 418 3459 audita
434 3392 554 3458 inscius
573 3396 706 3457 matrem
722 3390 900 3458 interficere
918 3393 1034 3458 voluit:
1055 3392 1112 3459 illa
1126 3393 1297 3458 Herculem
1316 3395 1383 3460 vio·
1484 3372 1487 3377 ’

151 3505 285 3572 latorem
309 3522 401 3570 snum
422 3502 606 3586 imploravit
628 3507 721 3568 etex
743 3521 781 3569 eo
804 3504 963 3587 Telephus
985 3511 1118 3572 matrem
1141 3505 1272 3589 agnovit
1294 3514 1328 3574 et
1348 3507 1433 3575 in25

151 3617 290 3700 petriam
312 3634 403 3683 suam
424 3615 559 3681 reduxit.

153 3852 167 3899 1
188 3850 262 3900 Ovio„
280 3850 338 3899 Met.
356 3849 404 3897 XII
422 3850 461 3898 ³2.
481 3851 514 3898 at

221 3947 237 3994 8
254 3945 448 4006 parthenopcum
459 3945 480 3991 1⁴¹
492 3958 547 3992 oorr
557 3942 645 3991 Comm
691 3945 705 3990 9
717 3941 814 4003 virgine
826 3943 956 3992 simulante
968 3944 989 3991 1⁴*
1000 3944 1115 4005 uirginem
1127 3961 1152 3993 re
1164 3945 1278 3994 ahraham
1292 3945 1381 4015 {mater}

152 4040 209 4089 coni
226 4040 265 4088 Bu
283 4039 388 4087 correxit
405 4036 429 4089 Σ
484 4042 515 4088 10
532 4038 651 4087 Moesiam
670 4037 691 4084 T
708 4051 764 4084 corr
780 4038 819 4084 Bu

222 4137 253 4182 12
278 4134 442 4182 theutrantem
460 4135 480 4180 F
501 4149 556 4181 corr
574 4132 661 4180 Oomm
682 4131 692 4197 ΙΙ
712 4131 843 4179 moesiaF
868 4146 923 4179 corr
941 4133 979 4180 Bu
1040 4138 1070 4183 14
1096 4136 1302 4196 parthenopeoh'
1328 4151 1383 4184 oorr

151 4228 240 4278 comm
260 4226 271 4294 ll
294 4228 335 4293 [et]
353 4230 411 4277 secl.
430 4228 524 4286 Comm,
542 4228 590 4276 nisi
607 4227 680 4274 mulis
698 4225 740 4272 et*
761 4222 771 4291 ΙΙ
791 4226 901 4274 theutras
919 4227 939 4272 T
957 4241 1012 4275 corr
1024 4227 1110 4276 Oomrn
1174 4231 1204 4279 16
1222 4229 1321 4297 totalem
1338 4230 1382 4300 els-

153 4331 189 4372 set
204 4322 261 4371 Mic.
280 4323 296 4370 i.
314 4337 338 4370 m
359 4320 370 4390 u
388 4323 555 4384 parthenopeo
574 4323 594 4368 F
611 4336 666 4371 corr
684 4321 770 4369 Comm
