3082 4950
693 220 753 286 XV

110 377 261 454 suspecta
290 391 367 439 casu
394 372 427 437 in
457 391 544 451 eum,
574 391 666 455 quem
689 392 773 439 nunc
801 378 976 455 occupant,
1005 373 1109 437 locum
1133 391 1206 438 esse
1227 371 1345 452 delata,

110 491 274 550 auctorem
297 489 405 550 autem
435 502 505 548 cum
528 484 668 549 libellum
695 485 950 566 tripartitum
978 485 1087 549 ederet
1108 485 1169 549 boc
1191 484 1344 549 habuisse

109 596 317 678 propositum,
340 603 377 659 ut
397 595 533 676 primum
549 594 680 660 deorum
696 597 889 678 heroumque
905 595 1044 678 origines
1064 596 1203 661 breviter
1226 594 1345 660 descri-

18 774 23 783 ,
110 707 209 787 beret,
231 707 348 772 deinde
370 706 475 771 minus
499 713 588 772 arcto
610 708 799 789 concisoque
822 707 948 771 dicendi
969 725 1086 789 genere
1108 725 1185 772 usus
1210 707 1344 772 eandem

110 818 274 883 materiem
296 822 451 883 tractaret
473 818 633 898 copiosius
656 818 898 899 fabularumque
918 823 1070 898 tanquam
1092 837 1177 900 penu
1193 818 1346 883 conderet
1437 885 1438 888 ,

110 930 266 995 varietate
294 929 582 1011 promptissimum,
615 930 751 1012 denique
781 929 926 995 uberiore
954 928 1008 994 filo
1039 929 1154 994 iterum
1184 934 1293 1011 spreto
1326 947 1345 993 a

112 1059 137 1106 c.
155 1039 516 1107 CCXXV-OCLXXV
531 1060 583 1106 res
605 1041 637 1104 in
660 1041 819 1121 prioribus
842 1041 986 1122 partibus
1004 1045 1169 1106 enarratas
1192 1041 1233 1106 ad
1249 1059 1344 1122 argn-

111 1152 210 1218 menti
233 1152 471 1217 similitudmem
494 1152 692 1234 disponeret,
714 1173 776 1218 non
799 1171 861 1233 quo
884 1152 987 1217 doctis
1010 1152 1122 1234 opinor
1143 1152 1345 1233 literatisquc

112 1281 167 1329 eas
189 1263 222 1328 iu
244 1263 428 1328 memoriam
450 1263 619 1344 redigeret,
642 1264 700 1328 sed
722 1270 758 1329 ut
775 1262 930 1328 baberent
952 1263 1100 1345 discipuli
1117 1282 1198 1344 qnae
1220 1282 1259 1328 ex
1280 1282 1346 1329 me-

111 1374 211 1438 moria
226 1374 357 1440 inludis
373 1375 524 1440 literanis
541 1357 737 1456 exponerent
746 1375 784 1455 *).
822 1376 914 1452 Quod
930 1375 958 1439 si
974 1374 1112 1440 dubitari
1128 1375 1246 1456 nequit,
1269 1375 1344 1456 quin

112 1503 137 1551 c.
156 1484 421 1551 CLV-CLXIII
448 1486 490 1550 ad
519 1486 667 1567 primam,
697 1504 722 1550 c.
739 1486 1081 1552 OXXXVIIl-—CLIV
1109 1487 1151 1551 ad
1173 1486 1344 1551 secundam

112 1597 256 1679 opusculi
267 1603 391 1678 partem
405 1597 616 1678 pertinuerint
630 1596 723 1661 facile
736 1596 942 1676 intellegitur,
958 1598 1114 1678 quomodo
1125 1596 1194 1661 fieri
1206 1598 1347 1680 potuerit

112 1712 149 1773 ut
170 1709 233 1772 dno
256 1707 393 1772 frustula
420 1728 438 1774 e
463 1708 625 1790 prooemio
652 1707 857 1789 genealogIco
886 1709 1062 1789 repetenda
1089 1709 1199 1774 turbas
1226 1708 1347 1775 faciant

111 1819 145 1883 in
160 1819 287 1883 illarum
307 1820 537 1900 particularum
551 1817 676 1900 finibus,
700 1819 753 1883 ubi
768 1837 853 1884 nunc
868 1837 999 1883 numero
1014 1818 1142 1885 CLVIo
1165 1820 1261 1899 (Solis
1276 1819 1345 1900 filii)

114 1935 146 1995 et
162 1930 231 1996 CII
246 1931 413 2012 (Typhone
429 1936 462 1995 et
476 1930 621 1995 Echidna
637 1930 751 2012 geniti)
770 1930 993 2011 insigniuntur.
1016 1948 1088 1995 nam
1112 1932 1261 2012 expedita
1276 1935 1347 1997 erat

113 2061 151 2106 ex
173 2061 252 2125 agro
274 2042 354 2107 satis
370 2042 474 2107 vicino
495 2043 527 2106 in
548 2042 778 2107 conterminum
794 2041 951 2123 migratio.
973 2041 1058 2122 quod
1073 2060 1147 2107 vero
1168 2043 1254 2107 inter
1271 2043 1346 2108 deo·

112 2173 182 2218 rum
203 2145 287 2219 tilios
310 2153 406 2219 etiam
428 2154 575 2219 Herculis
597 2153 654 2218 filii
676 2158 883 2223 recensentur
909 2153 1004 2218 buius
1027 2153 1074 2218 rei
1095 2153 1146 2218 vel
1169 2155 1251 2218 duae
1272 2172 1347 2236 pos-

113 2271 189 2330 sunt
212 2283 347 2330 caussae
369 2265 551 2346 excogitari.
595 2270 642 2330 Ac
664 2265 824 2346 possimus
852 2264 980 2345 quidem
1006 2265 1039 2329 in
1069 2284 1108 2329 ea
1135 2266 1345 2348 acquiescere,

113 2377 198 2457 quod
220 2376 374 2441 Hercules
397 2382 492 2442 exuta
513 2376 707 2442 mortalitate
730 2376 762 2440 in
785 2375 1016 2441 immortalibus
1040 2380 1073 2440 et
1093 2375 1164 2457 ipse
1186 2377 1346 2442 numerari

113 2487 233 2569 coepit;
266 2488 351 2553 haud
376 2488 448 2551 scio
477 2493 584 2552 tamen
614 2507 654 2552 an
684 2493 829 2568 praestet
856 2487 960 2552 altera
989 2486 1168 2568 explicandi
1196 2487 1278 2552 ratio
1308 2492 1346 2552 ut

112 2616 138 2663 c.
154 2598 285 2664 CLXIII
306 2597 519 2680 fragmentum
548 2617 620 2663 esse
642 2603 822 2691 statuamus
850 2597 1014 2678 amplioris
1037 2598 1202 2662 cuiusdam
1230 2598 1345 2679 capitis

112 2728 195 2775 nunc
217 2709 383 2791 deperditi,
406 2728 477 2791 quo,
500 2715 536 2774 ut
558 2728 578 2773 a
600 2709 831 2791 mytbographo
854 2708 1010 2773 Vaticano
1032 2709 1134 2790 primo
1156 2708 1189 2773 in
1211 2709 1260 2774 III
1281 2709 1345 2774 204

111 2820 230 2886 factum
252 2822 412 2900 videmus,
434 2826 564 2902 praeter
585 2822 717 2886 deorum
740 2820 934 2900 dearumque
956 2819 1072 2885 liberos
1095 2820 1190 2885 etiam
1213 2821 1344 2886 heroum

111 2932 375 3014 heroicarumque
387 2931 443 2997 filii
459 2933 633 2998 enumerati
647 2931 773 2997 fuerint.
789 2950 891 3012 neque
905 2931 1067 3012 persuasit
1080 2931 1156 2997 mihi
1168 2932 1344 2996 Bursianus

113 3062 138 3109 c.
154 3044 285 3109 CLXIII
301 3046 506 3124 (Amazones)
520 3043 691 3109 frustulum
708 3062 780 3109 esse
796 3062 815 3108 a
831 3062 856 3108 c.
868 3043 1015 3109 CLVIIII
1031 3043 1156 3121 (Martis
1171 3042 1240 3124 filii)
1256 3045 1346 3108 avol-

113 3174 193 3234 sum,
216 3173 311 3236 quum
333 3154 530 3236 probabilius
553 3155 700 3220 videatur
720 3154 857 3219 filiarum
879 3154 1007 3219 nomina
1029 3155 1165 3236 sparsim
1189 3154 1283 3220 obvia
1304 3154 1345 3220 ab
1453 3159 1464 3172 “

112 3266 341 3348 interpolatore
357 3285 430 3332 esse
444 3266 544 3346 illata,
567 3285 661 3348 quam
676 3266 710 3331 id
725 3266 810 3346 quod
831 3251 882 3330 est
903 3264 978 3330 ‘filii'
994 3265 1156 3330 delibaris
1177 3266 1345 3348 utriusque

113 3396 209 3444 sexus
224 3378 276 3443 bic
297 3377 512 3459 intellegenda
528 3395 609 3443 esse.
632 3377 778 3459 suspicor
796 3376 903 3458 potius
918 3378 1048 3441 deorum
1063 3377 1256 3459 heronmque
1270 3377 1345 3445 filiis

112 3490 263 3555 masculis
285 3489 462 3568 recensitis
484 3489 656 3554 eorundem
674 3488 757 3553 filias
780 3487 877 3553 etiam
900 3487 1054 3570 singulari
1076 3489 1181 3569 capite
1203 3508 1345 3572 compre·

111 3602 230 3666 hensas
252 3600 365 3681 fuisse,
387 3600 523 3681 deniqne
545 3606 581 3665 ut
601 3600 662 3664 hoc
683 3599 800 3664 addam
822 3599 933 3664 eodem
952 3598 1064 3665 ordine
1086 3600 1216 3665 dearum
1239 3601 1343 3668 heroi·

112 3729 287 3793 narumque
302 3729 373 3776 cnm
387 3710 470 3776 filios
486 3718 554 3776 tum
568 3710 651 3776 filias
668 3715 842 3776 enarratos.
865 3709 984 3775 omissa
995 3715 1107 3775 'autem
1122 3711 1250 3777 videtur
1264 3713 1345 3779 haec

113 3824 250 3906 catalogi
271 3842 347 3906 pars
364 3822 582 3905 epitornutoris
598 3822 700 3903 culpa,
722 3822 772 3887 cui
793 3841 856 3887 uon
871 3820 986 3885 mirum
1008 3827 1058 3886 est
1078 3821 1112 3886 iu
1128 3823 1344 3890 describendis

113 3941 162 4000 tot
183 3934 362 4000 nominibus
384 3935 526 4000 taedium
542 3933 688 4015 coepisse
710 3932 872 4015 obrepere,
893 3937 930 3997 ιιι
949 3932 1049 4013 proba
1072 3952 1181 4001 eorum
1202 3935 1345 4001 multitu-

114 4047 188 4112 dine
208 4051 334 4112 resecta
356 4047 398 4111 ad
420 4045 604 4110 venustiora
619 4044 798 4110 fabularum
820 4043 927 4125 capita
942 4044 1152 4111 describenda
1172 4066 1345 4128 properare

181 4209 206 4276 ‘l
218 4211 246 4258 E.
261 4228 280 4259 c.
293 4209 374 4257 MAG,
388 4210 464 4257 recita
477 4211 590 4256 ‘malrum
602 4209 702 4256 nomina
714 4222 777 4268 quae
788 4207 853 4256 filios
865 4221 923 4256 suos
937 4205 1085 4255 occideruut’
1098 4208 1181 4256 DISC.
1195 4210 1289 4258 ‘Medea
1302 4249 1305 4257 .
1320 4246 1341 4260 ..

112 4306 242 4354 interfecit!
261 4305 291 4369 (c.
311 4303 498 4369 ccxxxvm)
515 4301 596 4350 MAG.
614 4303 690 4350 recita
702 4303 804 4350 Medeae
821 4301 939 4350 fabulam.
966 4303 1050 4351 msc,
1065 4303 1179 4351 Medea.
1194 4340 1199 4350 .
1214 4340 1218 4351 .
1233 4307 1342 4368 profugit

114 4399 240 4448 Coriutbo’
257 4401 288 4466 (a
301 4398 384 4462 XXV)
