<?xml version="1.0" encoding="UTF-8"?>
<!DOCTYPE html PUBLIC "-//W3C//DTD XHTML 1.0 Transitional//EN"
    "http://www.w3.org/TR/xhtml1/DTD/xhtml1-transitional.dtd">
<html xmlns="http://www.w3.org/1999/xhtml" xml:lang="en" lang="en">
 <head>
  <title>
</title>
<meta http-equiv="Content-Type" content="text/html;charset=utf-8" />
  <meta name='ocr-system' content='tesseract 3.04.00' />
  <meta name='ocr-capabilities' content='ocr_page ocr_carea ocr_par ocr_line ocrx_word'/>
</head>
<body>
  <div class='ocr_page' id='page_1' title='image "./hyginifabulae00hygigoog_0127.png"; bbox 0 0 3082 4950; ppageno 0'>
   <div class='ocr_carea' id='block_1_1' title="bbox 796 228 838 293">
    <p class='ocr_par' dir='ltr' id='par_1_1' title="bbox 796 228 838 293">
     <span class='ocr_line' id='line_1_1' title="bbox 796 228 838 293; baseline 0.024 -1"><span class='ocrx_word' id='word_1_1' title='bbox 796 228 838 293; x_wconf 88' lang='grc'>66</span> 
     </span>
    </p>
   </div>
   <div class='ocr_carea' id='block_1_2' title="bbox 680 465 955 548">
    <p class='ocr_par' dir='ltr' id='par_1_2' title="bbox 680 465 955 548">
     <span class='ocr_line' id='line_1_2' title="bbox 680 465 955 548; baseline 0.007 -18"><span class='ocrx_word' id='word_1_2' title='bbox 680 466 801 532; x_wconf 86' lang='lat' dir='ltr'>XXXII</span> <span class='ocrx_word' id='word_1_3' title='bbox 822 465 955 548; x_wconf 83' lang='lat' dir='ltr'>Megara</span> 
     </span>
    </p>
   </div>
   <div class='ocr_carea' id='block_1_3' title="bbox 155 600 1431 1794">
    <p class='ocr_par' dir='ltr' id='par_1_3' title="bbox 204 600 1429 1016">
     <span class='ocr_line' id='line_1_3' title="bbox 292 600 1429 684; baseline 0.001 -20"><span class='ocrx_word' id='word_1_4' title='bbox 292 600 446 665; x_wconf 87' lang='lat' dir='ltr'>Hercules</span> <span class='ocrx_word' id='word_1_5' title='bbox 469 619 538 666; x_wconf 90' lang='lat' dir='ltr'>cum</span> <span class='ocrx_word' id='word_1_6' title='bbox 561 601 602 666; x_wconf 90' lang='lat' dir='ltr'>ad</span> <span class='ocrx_word' id='word_1_7' title='bbox 624 620 733 667; x_wconf 91' lang='lat' dir='ltr'>canem</span> <span class='ocrx_word' id='word_1_8' title='bbox 756 603 927 684; x_wconf 80' lang='lat' dir='ltr'>tricipitem</span> <span class='ocrx_word' id='word_1_9' title='bbox 950 608 1038 668; x_wconf 89' lang='lat' dir='ltr'>esset</span> <span class='ocrx_word' id='word_1_10' title='bbox 1055 602 1172 668; x_wconf 87' lang='lat' dir='ltr'>missus</span> <span class='ocrx_word' id='word_1_11' title='bbox 1195 601 1236 667; x_wconf 90' lang='lat' dir='ltr'>ab</span> <span class='ocrx_word' id='word_1_12' title='bbox 1249 600 1429 682; x_wconf 85' lang='lat' dir='ltr'>Eurystheo</span> 
     </span>
     <span class='ocr_line' id='line_1_4' title="bbox 206 710 1429 796; baseline 0.001 -22"><span class='ocrx_word' id='word_1_13' title='bbox 206 728 281 792; x_wconf 84' lang='lat' dir='ltr'>rege</span> <span class='ocrx_word' id='word_1_14' title='bbox 296 714 329 776; x_wconf 89' lang='lat' dir='ltr'>et</span> <span class='ocrx_word' id='word_1_15' title='bbox 342 712 446 793; x_wconf 86' lang='lat' dir='ltr'>Lycus</span> <span class='ocrx_word' id='word_1_16' title='bbox 462 712 601 793; x_wconf 80' lang='lat' dir='ltr'>Neptuni</span> <span class='ocrx_word' id='word_1_17' title='bbox 614 710 698 778; x_wconf 91' lang='lat' dir='ltr'>filius</span> <span class='ocrx_word' id='word_1_18' title='bbox 714 718 861 793; x_wconf 88' lang='lat' dir='ltr'>putasset</span> <span class='ocrx_word' id='word_1_19' title='bbox 876 733 948 779; x_wconf 90' lang='lat' dir='ltr'>cum</span> <span class='ocrx_word' id='word_1_20' title='bbox 962 714 1111 796; x_wconf 79' lang='lat' dir='ltr'>periisse,</span> <span class='ocrx_word' id='word_1_21' title='bbox 1134 714 1298 794; x_wconf 83' lang='lat' dir='ltr'><strong>Megaram</strong></span> <span class='ocrx_word' id='word_1_22' title='bbox 1315 712 1429 778; x_wconf 83' lang='lat' dir='ltr'>Creon·</span> 
     </span>
     <span class='ocr_line' id='line_1_5' title="bbox 206 821 1429 905; baseline 0 -19"><span class='ocrx_word' id='word_1_23' title='bbox 206 821 248 886; x_wconf 92' lang='lat' dir='ltr'>tis</span> <span class='ocrx_word' id='word_1_24' title='bbox 269 821 367 887; x_wconf 89' lang='lat' dir='ltr'>filiam</span> <span class='ocrx_word' id='word_1_25' title='bbox 391 842 520 888; x_wconf 83' lang='lat' dir='ltr'>uxorem</span> <span class='ocrx_word' id='word_1_26' title='bbox 551 824 619 889; x_wconf 93' lang='lat' dir='ltr'>eius</span> <span class='ocrx_word' id='word_1_27' title='bbox 649 827 681 888; x_wconf 93' lang='lat' dir='ltr'>et</span> <span class='ocrx_word' id='word_1_28' title='bbox 707 822 790 889; x_wconf 91' lang='lat' dir='ltr'>filios</span> <span class='ocrx_word' id='word_1_29' title='bbox 812 824 1053 892; x_wconf 84' lang='lat' dir='ltr'>Therimachum</span> <span class='ocrx_word' id='word_1_30' title='bbox 1082 830 1115 890; x_wconf 92' lang='lat' dir='ltr'>et</span> <span class='ocrx_word' id='word_1_31' title='bbox 1136 823 1309 905; x_wconf 91' lang='lat' dir='ltr'>Diopithen</span> <span class='ocrx_word' id='word_1_32' title='bbox 1336 822 1429 887; x_wconf 90' lang='lat' dir='ltr'>inter-</span> 
     </span>
     <span class='ocr_line' id='line_1_6' title="bbox 204 931 1429 1016; baseline 0 -19"><span class='ocrx_word' id='word_1_33' title='bbox 204 931 298 998; x_wconf 87' lang='lat' dir='ltr'>ficere</span> <span class='ocrx_word' id='word_1_34' title='bbox 320 933 420 998; x_wconf 87' lang='lat' dir='ltr'>voluit</span> <span class='ocrx_word' id='word_1_35' title='bbox 441 938 473 999; x_wconf 88' lang='lat' dir='ltr'>et</span> <span class='ocrx_word' id='word_1_36' title='bbox 486 952 618 1015; x_wconf 83' lang='lat' dir='ltr'>regnum</span> <span class='ocrx_word' id='word_1_37' title='bbox 634 952 798 1016; x_wconf 90' lang='lat' dir='ltr'>occupare.</span> <span class='ocrx_word' id='word_1_38' title='bbox 842 936 998 1001; x_wconf 72' lang='lat' dir='ltr'>Heroides</span> <span class='ocrx_word' id='word_1_39' title='bbox 1014 955 1051 1002; x_wconf 92' lang='lat' dir='ltr'>eo</span> <span class='ocrx_word' id='word_1_40' title='bbox 1071 935 1242 1002; x_wconf 86' lang='lat' dir='ltr'>intervenit</span> <span class='ocrx_word' id='word_1_41' title='bbox 1262 939 1298 999; x_wconf 85' lang='lat' dir='ltr'>et</span> <span class='ocrx_word' id='word_1_42' title='bbox 1311 934 1429 1015; x_wconf 84' lang='lat' dir='ltr'><strong>Lycum</strong></span> 
     </span>
    </p>

    <p class='ocr_par' dir='ltr' id='par_1_4' title="bbox 175 1042 1430 1575">
     <span class='ocr_line' id='line_1_7' title="bbox 175 1042 1429 1129; baseline -0.004 -15"><span class='ocrx_word' id='word_1_43' title='bbox 175 1042 372 1114; x_wconf 79' lang='lat' dir='ltr'>hinterlecit.</span> <span class='ocrx_word' id='word_1_44' title='bbox 400 1048 515 1126; x_wconf 87' lang='lat' dir='ltr'>postea</span> <span class='ocrx_word' id='word_1_45' title='bbox 530 1044 570 1109; x_wconf 89' lang='lat' dir='ltr'>ab</span> <span class='ocrx_word' id='word_1_46' title='bbox 584 1045 705 1112; x_wconf 91' lang='lat' dir='ltr'>Iunone</span> <span class='ocrx_word' id='word_1_47' title='bbox 719 1047 846 1113; x_wconf 88' lang='lat' dir='ltr'>insania</span> <span class='ocrx_word' id='word_1_48' title='bbox 861 1047 985 1113; x_wconf 88' lang='lat' dir='ltr'>obieeta</span> <span class='ocrx_word' id='word_1_49' title='bbox 999 1048 1161 1129; x_wconf 82' lang='lat' dir='ltr'><strong>Megaram</strong></span> <span class='ocrx_word' id='word_1_50' title='bbox 1178 1050 1211 1113; x_wconf 86' lang='lat' dir='ltr'>et</span> <span class='ocrx_word' id='word_1_51' title='bbox 1224 1044 1308 1111; x_wconf 88' lang='lat' dir='ltr'>lilios</span> <span class='ocrx_word' id='word_1_52' title='bbox 1323 1044 1429 1110; x_wconf 86' lang='lat' dir='ltr'>Theri-</span> 
     </span>
     <span class='ocr_line' id='line_1_8' title="bbox 204 1156 1430 1240; baseline 0.001 -21"><span class='ocrx_word' id='word_1_53' title='bbox 204 1156 350 1222; x_wconf 88' lang='lat' dir='ltr'>machum</span> <span class='ocrx_word' id='word_1_54' title='bbox 373 1160 405 1221; x_wconf 88' lang='lat' dir='ltr'>et</span> <span class='ocrx_word' id='word_1_55' title='bbox 420 1156 591 1238; x_wconf 91' lang='lat' dir='ltr'>Diopithen</span> <span class='ocrx_word' id='word_1_56' title='bbox 613 1156 778 1223; x_wconf 85' lang='lat' dir='ltr'>interiecit.</span> <span class='ocrx_word' id='word_1_57' title='bbox 822 1159 995 1240; x_wconf 88' lang='lat' dir='ltr'>Postquam</span> <span class='ocrx_word' id='word_1_58' title='bbox 1011 1177 1089 1224; x_wconf 90' lang='lat' dir='ltr'>suae</span> <span class='ocrx_word' id='word_1_59' title='bbox 1103 1157 1218 1224; x_wconf 93' lang='lat' dir='ltr'>mentis</span> <span class='ocrx_word' id='word_1_60' title='bbox 1233 1174 1366 1238; x_wconf 91' lang='lat' dir='ltr'>compos</span> <span class='ocrx_word' id='word_1_61' title='bbox 1382 1159 1430 1220; x_wconf 90' lang='lat' dir='ltr'>est</span> 
     </span>
     <span class='ocr_line' id='line_1_9' title="bbox 202 1265 1430 1351; baseline 0 -20"><span class='ocrx_word' id='word_1_62' title='bbox 202 1265 306 1332; x_wconf 88' lang='lat' dir='ltr'>factus</span> <span class='ocrx_word' id='word_1_63' title='bbox 329 1266 370 1333; x_wconf 91' lang='lat' dir='ltr'>ah</span> <span class='ocrx_word' id='word_1_64' title='bbox 385 1266 533 1349; x_wconf 86' lang='lat' dir='ltr'>Apolline</span> <span class='ocrx_word' id='word_1_65' title='bbox 554 1267 646 1348; x_wconf 89' lang='lat' dir='ltr'>petiit</span> <span class='ocrx_word' id='word_1_66' title='bbox 667 1268 736 1334; x_wconf 89' lang='lat' dir='ltr'>dari</span> <span class='ocrx_word' id='word_1_67' title='bbox 758 1268 819 1335; x_wconf 91' lang='lat' dir='ltr'>sihi</span> <span class='ocrx_word' id='word_1_68' title='bbox 841 1287 1030 1351; x_wconf 91' lang='lat' dir='ltr'>responsum</span> <span class='ocrx_word' id='word_1_69' title='bbox 1051 1269 1206 1351; x_wconf 90' lang='lat' dir='ltr'>quomodo</span> <span class='ocrx_word' id='word_1_70' title='bbox 1229 1268 1335 1333; x_wconf 92' lang='lat' dir='ltr'>scelus</span> <span class='ocrx_word' id='word_1_71' title='bbox 1357 1286 1430 1349; x_wconf 92' lang='lat' dir='ltr'>pur-</span> 
     </span>
     <span class='ocr_line' id='line_1_10' title="bbox 204 1377 1430 1462; baseline 0 -19"><span class='ocrx_word' id='word_1_72' title='bbox 204 1382 303 1459; x_wconf 86' lang='lat' dir='ltr'>garet.</span> <span class='ocrx_word' id='word_1_73' title='bbox 347 1377 405 1444; x_wconf 83' lang='lat' dir='ltr'>Cui</span> <span class='ocrx_word' id='word_1_74' title='bbox 426 1377 541 1460; x_wconf 89' lang='lat' dir='ltr'>Apollo</span> <span class='ocrx_word' id='word_1_75' title='bbox 564 1382 682 1444; x_wconf 84' lang='lat' dir='ltr'>sortem</span> <span class='ocrx_word' id='word_1_76' title='bbox 705 1381 790 1462; x_wconf 90' lang='lat' dir='ltr'>quod</span> <span class='ocrx_word' id='word_1_77' title='bbox 804 1381 940 1446; x_wconf 85' lang='lat' dir='ltr'>reddere</span> <span class='ocrx_word' id='word_1_78' title='bbox 962 1381 1072 1459; x_wconf 70' lang='lat' dir='ltr'>noluit</span> <span class='ocrx_word' id='word_1_79' title='bbox 1093 1379 1247 1445; x_wconf 90' lang='lat' dir='ltr'>Hercules</span> <span class='ocrx_word' id='word_1_80' title='bbox 1264 1379 1371 1445; x_wconf 86' lang='lat' dir='ltr'>iratus</span> <span class='ocrx_word' id='word_1_81' title='bbox 1392 1379 1430 1444; x_wconf 93' lang='lat' dir='ltr'>de</span> 
     </span>
     <span class='ocr_line' id='line_1_11' title="bbox 202 1487 1430 1575; baseline 0.002 -21"><span class='ocrx_word' id='word_1_82' title='bbox 202 1489 277 1555; x_wconf 90' lang='lat' dir='ltr'>fano</span> <span class='ocrx_word' id='word_1_83' title='bbox 299 1488 367 1554; x_wconf 90' lang='lat' dir='ltr'>eius</span> <span class='ocrx_word' id='word_1_84' title='bbox 389 1487 547 1571; x_wconf 87' lang='lat' dir='ltr'>tripodem</span> <span class='ocrx_word' id='word_1_85' title='bbox 569 1490 713 1572; x_wconf 87' lang='lat' dir='ltr'>sustulit,</span> <span class='ocrx_word' id='word_1_86' title='bbox 735 1497 844 1575; x_wconf 79' lang='lat' dir='ltr'>(quem</span> <span class='ocrx_word' id='word_1_87' title='bbox 864 1500 979 1574; x_wconf 88' lang='lat' dir='ltr'>postea</span> <span class='ocrx_word' id='word_1_88' title='bbox 999 1491 1084 1557; x_wconf 91' lang='lat' dir='ltr'>Iovis</span> <span class='ocrx_word' id='word_1_89' title='bbox 1105 1491 1198 1557; x_wconf 89' lang='lat' dir='ltr'>iussu</span> <span class='ocrx_word' id='word_1_90' title='bbox 1218 1490 1377 1573; x_wconf 88' lang='lat' dir='ltr'>reddidit)</span> <span class='ocrx_word' id='word_1_91' title='bbox 1399 1494 1430 1556; x_wconf 88' lang='lat' dir='ltr'>et</span> 
     </span>
    </p>

    <p class='ocr_par' dir='ltr' id='par_1_5' title="bbox 155 1600 1431 1794">
     <span class='ocr_line' id='line_1_12' title="bbox 155 1600 1431 1685; baseline 0 -18"><span class='ocrx_word' id='word_1_92' title='bbox 155 1600 362 1669; x_wconf 86' lang='lat' dir='ltr'>10nolentem</span> <span class='ocrx_word' id='word_1_93' title='bbox 385 1607 503 1667; x_wconf 90' lang='lat' dir='ltr'>sortem</span> <span class='ocrx_word' id='word_1_94' title='bbox 526 1602 603 1668; x_wconf 91' lang='lat' dir='ltr'>dare</span> <span class='ocrx_word' id='word_1_95' title='bbox 624 1602 727 1669; x_wconf 88' lang='lat' dir='ltr'>iussit.</span> <span class='ocrx_word' id='word_1_96' title='bbox 770 1603 925 1670; x_wconf 89' lang='lat' dir='ltr'>Hercules</span> <span class='ocrx_word' id='word_1_97' title='bbox 941 1603 981 1668; x_wconf 95' lang='lat' dir='ltr'>ob</span> <span class='ocrx_word' id='word_1_98' title='bbox 995 1603 1028 1668; x_wconf 93' lang='lat' dir='ltr'>id</span> <span class='ocrx_word' id='word_1_99' title='bbox 1046 1601 1237 1668; x_wconf 89' lang='lat' dir='ltr'>aMercurio</span> <span class='ocrx_word' id='word_1_100' title='bbox 1252 1600 1431 1685; x_wconf 85' lang='lat' dir='ltr'>Omphalae</span> 
     </span>
     <span class='ocr_line' id='line_1_13' title="bbox 202 1712 791 1794; baseline 0.008 -19"><span class='ocrx_word' id='word_1_101' title='bbox 202 1712 330 1794; x_wconf 84' lang='lat' dir='ltr'>reginae</span> <span class='ocrx_word' id='word_1_102' title='bbox 350 1712 383 1777; x_wconf 92' lang='lat' dir='ltr'>in</span> <span class='ocrx_word' id='word_1_103' title='bbox 406 1713 591 1780; x_wconf 85' lang='lat' dir='ltr'>servitutem</span> <span class='ocrx_word' id='word_1_104' title='bbox 614 1715 709 1780; x_wconf 89' lang='lat' dir='ltr'>datus</span> <span class='ocrx_word' id='word_1_105' title='bbox 732 1721 791 1780; x_wconf 91' lang='lat' dir='ltr'>est.</span> 
     </span>
    </p>
   </div>
   <div class='ocr_carea' id='block_1_4' title="bbox 659 1909 1067 1979">
    <p class='ocr_par' dir='ltr' id='par_1_6' title="bbox 659 1909 1067 1979">
     <span class='ocr_line' id='line_1_14' title="bbox 659 1909 1067 1979; baseline 0.002 -4"><span class='ocrx_word' id='word_1_106' title='bbox 659 1909 797 1975; x_wconf 80' lang='lat' dir='ltr'>XXXIII</span> <span class='ocrx_word' id='word_1_107' title='bbox 819 1909 969 1979; x_wconf 81' lang='lat' dir='ltr'>Centauri</span> <span class='ocrx_word' id='word_1_108' title='bbox 1066 1920 1067 1924; x_wconf 75' lang='grc'>’</span> 
     </span>
    </p>
   </div>
   <div class='ocr_carea' id='block_1_5' title="bbox 203 2044 1430 2242">
    <p class='ocr_par' dir='ltr' id='par_1_7' title="bbox 203 2044 1430 2242">
     <span class='ocr_line' id='line_1_15' title="bbox 286 2044 1430 2128; baseline 0.002 -20"><span class='ocrx_word' id='word_1_109' title='bbox 286 2044 440 2109; x_wconf 89' lang='lat' dir='ltr'>Hercules</span> <span class='ocrx_word' id='word_1_110' title='bbox 472 2062 541 2109; x_wconf 89' lang='lat' dir='ltr'>oum</span> <span class='ocrx_word' id='word_1_111' title='bbox 569 2045 602 2110; x_wconf 91' lang='lat' dir='ltr'>in</span> <span class='ocrx_word' id='word_1_112' title='bbox 631 2045 802 2128; x_wconf 87' lang='lat' dir='ltr'>hospitium</span> <span class='ocrx_word' id='word_1_113' title='bbox 832 2048 873 2113; x_wconf 92' lang='lat' dir='ltr'>ad</span> <span class='ocrx_word' id='word_1_114' title='bbox 902 2047 1119 2112; x_wconf 81' lang='lat' dir='ltr'>Dexamenum</span> <span class='ocrx_word' id='word_1_115' title='bbox 1149 2063 1256 2127; x_wconf 85' lang='lat' dir='ltr'>regem</span> <span class='ocrx_word' id='word_1_116' title='bbox 1285 2046 1430 2112; x_wconf 86' lang='lat' dir='ltr'>venisset</span> 
     </span>
     <span class='ocr_line' id='line_1_16' title="bbox 203 2154 1428 2242; baseline 0.002 -21"><span class='ocrx_word' id='word_1_117' title='bbox 203 2154 333 2238; x_wconf 90' lang='lat' dir='ltr'>eiusque</span> <span class='ocrx_word' id='word_1_118' title='bbox 360 2154 457 2221; x_wconf 92' lang='lat' dir='ltr'>filiam</span> <span class='ocrx_word' id='word_1_119' title='bbox 479 2155 661 2222; x_wconf 90' lang='lat' dir='ltr'>Deianiram</span> <span class='ocrx_word' id='word_1_120' title='bbox 690 2158 923 2242; x_wconf 82' lang='lat' dir='ltr'>devirginasset&#39;</span> <span class='ocrx_word' id='word_1_121' title='bbox 942 2157 1099 2239; x_wconf 86' lang='lat' dir='ltr'>fidemque</span> <span class='ocrx_word' id='word_1_122' title='bbox 1126 2157 1270 2222; x_wconf 86' lang='lat' dir='ltr'>dedisset</span> <span class='ocrx_word' id='word_1_123' title='bbox 1298 2175 1428 2223; x_wconf 85' lang='lat' dir='ltr'>secam</span> 
     </span>
    </p>
   </div>
   <div class='ocr_carea' id='block_1_6' title="bbox 149 2266 1429 3124">
    <p class='ocr_par' dir='ltr' id='par_1_8' title="bbox 202 2266 1429 2351">
     <span class='ocr_line' id='line_1_17' title="bbox 202 2266 1429 2351; baseline 0.002 -19"><span class='ocrx_word' id='word_1_124' title='bbox 202 2286 331 2332; x_wconf 84' lang='lat' dir='ltr'>uxorem</span> <span class='ocrx_word' id='word_1_125' title='bbox 353 2267 538 2348; x_wconf 88' lang='lat' dir='ltr'>ducturum,</span> <span class='ocrx_word' id='word_1_126' title='bbox 568 2273 643 2348; x_wconf 88' lang='lat' dir='ltr'>post</span> <span class='ocrx_word' id='word_1_127' title='bbox 664 2268 839 2335; x_wconf 85' lang='lat' dir='ltr'>discessum</span> <span class='ocrx_word' id='word_1_128' title='bbox 863 2268 931 2334; x_wconf 86' lang='lat' dir='ltr'>cius</span> <span class='ocrx_word' id='word_1_129' title='bbox 953 2268 1108 2351; x_wconf 84' lang='lat' dir='ltr'>Eurytion</span> <span class='ocrx_word' id='word_1_130' title='bbox 1128 2266 1247 2333; x_wconf 84' lang='lat' dir='ltr'>Ixionis</span> <span class='ocrx_word' id='word_1_131' title='bbox 1270 2272 1304 2333; x_wconf 89' lang='lat' dir='ltr'>et</span> <span class='ocrx_word' id='word_1_132' title='bbox 1326 2267 1429 2334; x_wconf 90' lang='lat' dir='ltr'>Nubis</span> 
     </span>
    </p>

    <p class='ocr_par' dir='ltr' id='par_1_9' title="bbox 152 2376 1428 2905">
     <span class='ocr_line' id='line_1_18' title="bbox 152 2376 1427 2461; baseline -0.001 -15"><span class='ocrx_word' id='word_1_133' title='bbox 152 2377 285 2448; x_wconf 85' lang='lat' dir='ltr'>15filius</span> <span class='ocrx_word' id='word_1_134' title='bbox 313 2384 482 2444; x_wconf 86' lang='lat' dir='ltr'>cantaums</span> <span class='ocrx_word' id='word_1_135' title='bbox 512 2378 595 2461; x_wconf 91' lang='lat' dir='ltr'>petit</span> <span class='ocrx_word' id='word_1_136' title='bbox 615 2376 798 2446; x_wconf 80' lang='lat' dir='ltr'>DeIanir‘am</span> <span class='ocrx_word' id='word_1_137' title='bbox 827 2398 966 2445; x_wconf 86' lang='lat' dir='ltr'>uxorem.</span> <span class='ocrx_word' id='word_1_138' title='bbox 995 2378 1084 2445; x_wconf 89' lang='lat' dir='ltr'>cuius</span> <span class='ocrx_word' id='word_1_139' title='bbox 1106 2383 1199 2460; x_wconf 90' lang='lat' dir='ltr'>pater</span> <span class='ocrx_word' id='word_1_140' title='bbox 1224 2379 1287 2446; x_wconf 84' lang='lat' dir='ltr'>uim</span> <span class='ocrx_word' id='word_1_141' title='bbox 1309 2380 1427 2447; x_wconf 83' lang='lat' dir='ltr'>timens</span> 
     </span>
     <span class='ocr_line' id='line_1_19' title="bbox 199 2489 1427 2573; baseline 0.002 -18"><span class='ocrx_word' id='word_1_142' title='bbox 199 2491 359 2573; x_wconf 86' lang='lat' dir='ltr'>pollicitus</span> <span class='ocrx_word' id='word_1_143' title='bbox 382 2496 433 2556; x_wconf 89' lang='lat' dir='ltr'>est</span> <span class='ocrx_word' id='word_1_144' title='bbox 461 2509 496 2557; x_wconf 92' lang='lat' dir='ltr'>se</span> <span class='ocrx_word' id='word_1_145' title='bbox 518 2491 675 2556; x_wconf 92' lang='lat' dir='ltr'>daturum.</span> <span class='ocrx_word' id='word_1_146' title='bbox 707 2492 759 2556; x_wconf 91' lang='lat' dir='ltr'>die</span> <span class='ocrx_word' id='word_1_147' title='bbox 789 2490 962 2556; x_wconf 86' lang='lat' dir='ltr'>constituto</span> <span class='ocrx_word' id='word_1_148' title='bbox 991 2490 1080 2555; x_wconf 83' lang='lat' dir='ltr'>uenit</span> <span class='ocrx_word' id='word_1_149' title='bbox 1106 2508 1176 2555; x_wconf 90' lang='lat' dir='ltr'>cum</span> <span class='ocrx_word' id='word_1_150' title='bbox 1204 2489 1358 2557; x_wconf 85' lang='lat' dir='ltr'>iratribus</span> <span class='ocrx_word' id='word_1_151' title='bbox 1385 2490 1427 2556; x_wconf 91' lang='lat' dir='ltr'>ad</span> 
     </span>
     <span class='ocr_line' id='line_1_20' title="bbox 200 2598 1428 2686; baseline -0.001 -18"><span class='ocrx_word' id='word_1_152' title='bbox 200 2603 337 2686; x_wconf 91' lang='lat' dir='ltr'>nuptias.</span> <span class='ocrx_word' id='word_1_153' title='bbox 380 2602 534 2668; x_wconf 90' lang='lat' dir='ltr'>Hercules</span> <span class='ocrx_word' id='word_1_154' title='bbox 562 2601 733 2667; x_wconf 88' lang='lat' dir='ltr'>intervenit</span> <span class='ocrx_word' id='word_1_155' title='bbox 760 2607 793 2667; x_wconf 92' lang='lat' dir='ltr'>et</span> <span class='ocrx_word' id='word_1_156' title='bbox 814 2601 1006 2668; x_wconf 83' lang='lat' dir='ltr'>Centaurum</span> <span class='ocrx_word' id='word_1_157' title='bbox 1032 2598 1204 2681; x_wconf 83' lang='lat' dir='ltr'>interiecit,</span> <span class='ocrx_word' id='word_1_158' title='bbox 1234 2619 1327 2667; x_wconf 90' lang='lat' dir='ltr'>suam</span> <span class='ocrx_word' id='word_1_159' title='bbox 1356 2620 1428 2684; x_wconf 91' lang='lat' dir='ltr'>spe·</span> 
     </span>
     <span class='ocr_line' id='line_1_21' title="bbox 199 2710 1426 2795; baseline 0 -17"><span class='ocrx_word' id='word_1_160' title='bbox 199 2719 302 2780; x_wconf 87' lang='lat' dir='ltr'>ratam</span> <span class='ocrx_word' id='word_1_161' title='bbox 332 2713 472 2778; x_wconf 85' lang='lat' dir='ltr'>abduxit.</span> <span class='ocrx_word' id='word_1_162' title='bbox 525 2714 630 2794; x_wconf 79' lang='lat' dir='ltr'>sstem,</span> <span class='ocrx_word' id='word_1_163' title='bbox 663 2712 734 2778; x_wconf 91' lang='lat' dir='ltr'>aliis</span> <span class='ocrx_word' id='word_1_164' title='bbox 765 2713 798 2777; x_wconf 92' lang='lat' dir='ltr'>in</span> <span class='ocrx_word' id='word_1_165' title='bbox 830 2713 958 2795; x_wconf 92' lang='lat' dir='ltr'>nuptiis.</span> <span class='ocrx_word' id='word_1_166' title='bbox 989 2711 1149 2777; x_wconf 82' lang='lat' dir='ltr'>Plrithous</span> <span class='ocrx_word' id='word_1_167' title='bbox 1177 2710 1426 2793; x_wconf 87' lang='lat' dir='ltr'>Hippodamiam</span> 
     </span>
     <span class='ocr_line' id='line_1_22' title="bbox 199 2821 1427 2905; baseline -0.001 -16"><span class='ocrx_word' id='word_1_168' title='bbox 199 2824 331 2890; x_wconf 86' lang='lat' dir='ltr'>Adrasti</span> <span class='ocrx_word' id='word_1_169' title='bbox 350 2823 448 2889; x_wconf 89' lang='lat' dir='ltr'>filiam</span> <span class='ocrx_word' id='word_1_170' title='bbox 462 2842 532 2888; x_wconf 92' lang='lat' dir='ltr'>cum</span> <span class='ocrx_word' id='word_1_171' title='bbox 553 2841 683 2888; x_wconf 87' lang='lat' dir='ltr'>uxorem</span> <span class='ocrx_word' id='word_1_172' title='bbox 699 2824 837 2902; x_wconf 85' lang='lat' dir='ltr'>duceret,</span> <span class='ocrx_word' id='word_1_173' title='bbox 858 2823 931 2888; x_wconf 84' lang='lat' dir='ltr'>vino</span> <span class='ocrx_word' id='word_1_174' title='bbox 949 2822 1036 2905; x_wconf 91' lang='lat' dir='ltr'>pleni</span> <span class='ocrx_word' id='word_1_175' title='bbox 1051 2821 1200 2888; x_wconf 80' lang='lat' dir='ltr'>Centauri</span> <span class='ocrx_word' id='word_1_176' title='bbox 1222 2823 1329 2888; x_wconf 90' lang='lat' dir='ltr'>conati</span> <span class='ocrx_word' id='word_1_177' title='bbox 1350 2828 1427 2903; x_wconf 83' lang='lat' dir='ltr'>sunt</span> 
     </span>
    </p>

    <p class='ocr_par' dir='ltr' id='par_1_10' title="bbox 149 2932 1427 3124">
     <span class='ocr_line' id='line_1_23' title="bbox 149 2932 1427 3018; baseline -0.002 -14"><span class='ocrx_word' id='word_1_178' title='bbox 149 2938 192 3004; x_wconf 86' lang='lat'>20</span> <span class='ocrx_word' id='word_1_179' title='bbox 198 2952 312 3016; x_wconf 91' lang='lat' dir='ltr'>rapere</span> <span class='ocrx_word' id='word_1_180' title='bbox 326 2951 440 2999; x_wconf 88' lang='lat' dir='ltr'>uxores</span> <span class='ocrx_word' id='word_1_181' title='bbox 455 2932 611 3015; x_wconf 88' lang='lat' dir='ltr'>Lapithis.</span> <span class='ocrx_word' id='word_1_182' title='bbox 634 2952 690 2999; x_wconf 91' lang='lat' dir='ltr'>eos</span> <span class='ocrx_word' id='word_1_183' title='bbox 705 2933 847 2999; x_wconf 84' lang='lat' dir='ltr'>centauri</span> <span class='ocrx_word' id='word_1_184' title='bbox 868 2934 985 3000; x_wconf 82' lang='lat' dir='ltr'>multos</span> <span class='ocrx_word' id='word_1_185' title='bbox 1000 2932 1234 3016; x_wconf 80' lang='lat' dir='ltr'>interfecerunt,</span> <span class='ocrx_word' id='word_1_186' title='bbox 1256 2933 1297 3001; x_wconf 91' lang='lat' dir='ltr'>ab</span> <span class='ocrx_word' id='word_1_187' title='bbox 1320 2934 1427 3018; x_wconf 84' lang='lat' dir='ltr'>ipsis*</span> 
     </span>
     <span class='ocr_line' id='line_1_24' title="bbox 199 3045 409 3124; baseline -0.01 -13"><span class='ocrx_word' id='word_1_188' title='bbox 199 3045 409 3124; x_wconf 81' lang='lat' dir='ltr'>interiemnt.]</span> 
     </span>
    </p>
   </div>
   <div class='ocr_carea' id='block_1_7' title="bbox 661 3240 959 3308">
    <p class='ocr_par' dir='ltr' id='par_1_11' title="bbox 661 3240 959 3308">
     <span class='ocr_line' id='line_1_25' title="bbox 661 3240 959 3308; baseline 0.003 -2"><span class='ocrx_word' id='word_1_189' title='bbox 661 3240 815 3306; x_wconf 88' lang='lat' dir='ltr'>XXXIIII</span> <span class='ocrx_word' id='word_1_190' title='bbox 836 3242 959 3308; x_wconf 88' lang='lat' dir='ltr'>Nessus</span> 
     </span>
    </p>
   </div>
   <div class='ocr_carea' id='block_1_8' title="bbox 197 3375 1423 3669">
    <p class='ocr_par' dir='ltr' id='par_1_12' title="bbox 197 3375 1423 3669">
     <span class='ocr_line' id='line_1_26' title="bbox 282 3375 1422 3458; baseline -0.003 -13"><span class='ocrx_word' id='word_1_191' title='bbox 282 3379 404 3445; x_wconf 88' lang='lat' dir='ltr'>Nessus</span> <span class='ocrx_word' id='word_1_192' title='bbox 426 3376 544 3442; x_wconf 81' lang='lat' dir='ltr'>Ixionis</span> <span class='ocrx_word' id='word_1_193' title='bbox 566 3380 599 3441; x_wconf 88' lang='lat' dir='ltr'>ct</span> <span class='ocrx_word' id='word_1_194' title='bbox 619 3376 721 3442; x_wconf 93' lang='lat' dir='ltr'>Nubis</span> <span class='ocrx_word' id='word_1_195' title='bbox 742 3375 826 3442; x_wconf 91' lang='lat' dir='ltr'>filius</span> <span class='ocrx_word' id='word_1_196' title='bbox 849 3377 1025 3444; x_wconf 80' lang='lat' dir='ltr'>Centaurus</span> <span class='ocrx_word' id='word_1_197' title='bbox 1047 3381 1178 3458; x_wconf 83' lang='lat' dir='ltr'>rogatus</span> <span class='ocrx_word' id='word_1_198' title='bbox 1206 3375 1247 3442; x_wconf 89' lang='lat' dir='ltr'>ab</span> <span class='ocrx_word' id='word_1_199' title='bbox 1269 3376 1422 3442; x_wconf 84' lang='lat' dir='ltr'>Deianira</span> 
     </span>
     <span class='ocr_line' id='line_1_27' title="bbox 197 3480 1422 3571; baseline -0.004 -13"><span class='ocrx_word' id='word_1_200' title='bbox 197 3498 235 3558; x_wconf 86' lang='lat' dir='ltr'>ut</span> <span class='ocrx_word' id='word_1_201' title='bbox 249 3510 285 3557; x_wconf 90' lang='lat' dir='ltr'>se</span> <span class='ocrx_word' id='word_1_202' title='bbox 298 3490 414 3555; x_wconf 91' lang='lat' dir='ltr'>flumen</span> <span class='ocrx_word' id='word_1_203' title='bbox 429 3489 572 3553; x_wconf 88' lang='lat' dir='ltr'>Euenum</span> <span class='ocrx_word' id='word_1_204' title='bbox 587 3487 777 3554; x_wconf 88' lang='lat' dir='ltr'>transferret</span> <span class='ocrx_word' id='word_1_205' title='bbox 797 3493 923 3570; x_wconf 86' lang='lat' dir='ltr'>†quam</span> <span class='ocrx_word' id='word_1_206' title='bbox 945 3486 1130 3554; x_wconf 87' lang='lat' dir='ltr'>*sublatam</span> <span class='ocrx_word' id='word_1_207' title='bbox 1151 3487 1183 3553; x_wconf 91' lang='lat' dir='ltr'>in</span> <span class='ocrx_word' id='word_1_208' title='bbox 1200 3480 1330 3553; x_wconf 80' lang='lat' dir='ltr'>flumine</span> <span class='ocrx_word' id='word_1_209' title='bbox 1351 3487 1422 3571; x_wconf 92' lang='lat' dir='ltr'>ipso</span> 
     </span>
     <span class='ocr_line' id='line_1_28' title="bbox 197 3598 1423 3669; baseline -0.002 -2"><span class='ocrx_word' id='word_1_210' title='bbox 197 3602 317 3669; x_wconf 89' lang='lat' dir='ltr'>violare</span> <span class='ocrx_word' id='word_1_211' title='bbox 343 3599 451 3667; x_wconf 84' lang='lat' dir='ltr'>voluit.</span> <span class='ocrx_word' id='word_1_212' title='bbox 493 3598 563 3665; x_wconf 91' lang='lat' dir='ltr'>Hoc</span> <span class='ocrx_word' id='word_1_213' title='bbox 584 3599 739 3665; x_wconf 90' lang='lat' dir='ltr'>Hercules</span> <span class='ocrx_word' id='word_1_214' title='bbox 767 3618 837 3666; x_wconf 93' lang='lat' dir='ltr'>cum</span> <span class='ocrx_word' id='word_1_215' title='bbox 866 3599 1093 3666; x_wconf 90' lang='lat' dir='ltr'>intervenisset</span> <span class='ocrx_word' id='word_1_216' title='bbox 1120 3603 1152 3664; x_wconf 88' lang='lat' dir='ltr'>et</span> <span class='ocrx_word' id='word_1_217' title='bbox 1173 3598 1324 3665; x_wconf 85' lang='lat' dir='ltr'>Deianira</span> <span class='ocrx_word' id='word_1_218' title='bbox 1353 3599 1423 3665; x_wconf 87' lang='lat' dir='ltr'>eius</span> 
     </span>
    </p>
   </div>
   <div class='ocr_carea' id='block_1_9' title="bbox 190 3828 1421 4000">
    <p class='ocr_par' dir='ltr' id='par_1_13' title="bbox 190 3828 1421 4000">
     <span class='ocr_line' id='line_1_29' title="bbox 266 3828 1421 3897; baseline -0.008 -10"><span class='ocrx_word' id='word_1_219' title='bbox 266 3842 279 3887; x_wconf 94' lang='lat'>1</span> <span class='ocrx_word' id='word_1_220' title='bbox 299 3832 454 3885; x_wconf 79' lang='lat' dir='ltr'>euristhaoF</span> <span class='ocrx_word' id='word_1_221' title='bbox 472 3847 526 3880; x_wconf 83' lang='lat' dir='ltr'>corr</span> <span class='ocrx_word' id='word_1_222' title='bbox 539 3831 624 3880; x_wconf 85' lang='lat' dir='ltr'>Gomm</span> <span class='ocrx_word' id='word_1_223' title='bbox 665 3836 688 3881; x_wconf 78' lang='lat'>3.</span> <span class='ocrx_word' id='word_1_224' title='bbox 708 3835 723 3880; x_wconf 82' lang='grc'>5</span> <span class='ocrx_word' id='word_1_225' title='bbox 740 3831 956 3880; x_wconf 78' lang='lat' dir='ltr'>tharamachumF</span> <span class='ocrx_word' id='word_1_226' title='bbox 973 3845 1028 3878; x_wconf 86' lang='lat' dir='ltr'>corr</span> <span class='ocrx_word' id='word_1_227' title='bbox 1038 3831 1082 3878; x_wconf 84' lang='lat' dir='ltr'>Mu</span> <span class='ocrx_word' id='word_1_228' title='bbox 1125 3832 1148 3878; x_wconf 85' lang='grc'>3.</span> <span class='ocrx_word' id='word_1_229' title='bbox 1162 3832 1177 3877; x_wconf 83' lang='grc'>6</span> <span class='ocrx_word' id='word_1_230' title='bbox 1196 3830 1296 3890; x_wconf 83' lang='lat' dir='ltr'>ophitsu</span> <span class='ocrx_word' id='word_1_231' title='bbox 1307 3830 1329 3877; x_wconf 63' lang='lat'>1³</span> <span class='ocrx_word' id='word_1_232' title='bbox 1343 3828 1421 3897; x_wconf 63' lang='lat' dir='ltr'>illelo-</span> 
     </span>
     <span class='ocr_line' id='line_1_30' title="bbox 190 3922 1421 4000; baseline -0.009 -17"><span class='ocrx_word' id='word_1_233' title='bbox 190 3936 275 4000; x_wconf 71' lang='lat' dir='ltr'>pithen</span> <span class='ocrx_word' id='word_1_234' title='bbox 287 3947 342 3982; x_wconf 88' lang='lat' dir='ltr'>corr</span> <span class='ocrx_word' id='word_1_235' title='bbox 352 3928 378 3980; x_wconf 75' lang='grc' dir='ltr'><strong>Σ</strong></span> <span class='ocrx_word' id='word_1_236' title='bbox 396 3929 452 3976; x_wconf 88' lang='lat' dir='ltr'>coll.</span> <span class='ocrx_word' id='word_1_237' title='bbox 474 3939 597 3988; x_wconf 82' lang='lat' dir='ltr'>anonymo</span> <span class='ocrx_word' id='word_1_238' title='bbox 614 3941 654 3987; x_wconf 89' lang='lat' dir='ltr'>ap.</span> <span class='ocrx_word' id='word_1_239' title='bbox 669 3927 841 3976; x_wconf 86' lang='lat' dir='ltr'>Westermanu</span> <span class='ocrx_word' id='word_1_240' title='bbox 857 3927 972 3986; x_wconf 83' lang='lat' dir='ltr'>paradox.</span> <span class='ocrx_word' id='word_1_241' title='bbox 992 3940 1016 3987; x_wconf 91' lang='lat' dir='ltr'>p.</span> <span class='ocrx_word' id='word_1_242' title='bbox 1030 3926 1093 3985; x_wconf 76' lang='lat'>2193</span> <span class='ocrx_word' id='word_1_243' title='bbox 1111 3925 1141 3972; x_wconf 85' lang='lat' dir='ltr'>cf.</span> <span class='ocrx_word' id='word_1_244' title='bbox 1159 3924 1208 3972; x_wconf 84' lang='lat' dir='ltr'>fab.</span> <span class='ocrx_word' id='word_1_245' title='bbox 1221 3923 1314 3971; x_wconf 81' lang='lat' dir='ltr'>XXXI.</span> <span class='ocrx_word' id='word_1_246' title='bbox 1325 3922 1421 3972; x_wconf 80' lang='lat' dir='ltr'>CLXII</span> 
     </span>
    </p>
   </div>
   <div class='ocr_carea' id='block_1_10' title="bbox 197 4020 1420 4175">
    <p class='ocr_par' dir='ltr' id='par_1_14' title="bbox 197 4020 1420 4175">
     <span class='ocr_line' id='line_1_31' title="bbox 197 4020 541 4082; baseline -0.044 1"><span class='ocrx_word' id='word_1_247' title='bbox 197 4034 212 4082; x_wconf 82' lang='lat' dir='ltr'>&#39;l</span> <span class='ocrx_word' id='word_1_248' title='bbox 231 4030 327 4081; x_wconf 87' lang='lat' dir='ltr'>seoelus</span> <span class='ocrx_word' id='word_1_249' title='bbox 344 4026 365 4072; x_wconf 80' lang='lat' dir='ltr'><strong>F</strong></span> <span class='ocrx_word' id='word_1_250' title='bbox 383 4036 438 4070; x_wconf 87' lang='lat' dir='ltr'>corr</span> <span class='ocrx_word' id='word_1_251' title='bbox 455 4020 541 4069; x_wconf 84' lang='lat' dir='ltr'>Gomm</span> 
     </span>
     <span class='ocr_line' id='line_1_32' title="bbox 266 4110 1420 4175; baseline -0.011 -4"><span class='ocrx_word' id='word_1_252' title='bbox 266 4125 305 4171; x_wconf 70' lang='lat'>1⁵1.</span> <span class='ocrx_word' id='word_1_253' title='bbox 325 4122 357 4168; x_wconf 88' lang='lat' dir='ltr'>1a</span> <span class='ocrx_word' id='word_1_254' title='bbox 380 4115 541 4165; x_wconf 84' lang='lat' dir='ltr'>Deianiram</span> <span class='ocrx_word' id='word_1_255' title='bbox 564 4114 734 4175; x_wconf 84' lang='lat' dir='ltr'>insperata</span> <span class='ocrx_word' id='word_1_256' title='bbox 756 4127 801 4162; x_wconf 90' lang='lat' dir='ltr'>suo</span> <span class='ocrx_word' id='word_1_257' title='bbox 824 4113 980 4162; x_wconf 88' lang='lat' dir='ltr'>matrimonio</span> <span class='ocrx_word' id='word_1_258' title='bbox 1005 4112 1130 4174; x_wconf 86' lang='lat' dir='ltr'>copulavit</span> <span class='ocrx_word' id='word_1_259' title='bbox 1153 4112 1229 4174; x_wconf 79' lang='lat' dir='ltr'>myth.</span> <span class='ocrx_word' id='word_1_260' title='bbox 1252 4110 1309 4159; x_wconf 77' lang='lat' dir='ltr'>Vat</span> <span class='ocrx_word' id='word_1_261' title='bbox 1325 4111 1353 4159; x_wconf 89' lang='lat'>11</span> <span class='ocrx_word' id='word_1_262' title='bbox 1372 4113 1420 4161; x_wconf 76' lang='lat' dir='ltr'>las</span> 
     </span>
    </p>
   </div>
   <div class='ocr_carea' id='block_1_11' title="bbox 197 4202 1421 4458">
    <p class='ocr_par' dir='ltr' id='par_1_15' title="bbox 197 4202 1421 4458">
     <span class='ocr_line' id='line_1_33' title="bbox 197 4202 1420 4279; baseline -0.008 -13"><span class='ocrx_word' id='word_1_263' title='bbox 197 4221 229 4269; x_wconf 86' lang='lat'>18</span> <span class='ocrx_word' id='word_1_264' title='bbox 246 4216 380 4279; x_wconf 85' lang='lat' dir='ltr'>perythous</span> <span class='ocrx_word' id='word_1_265' title='bbox 397 4211 418 4257; x_wconf 79' lang='lat' dir='ltr'>N</span> <span class='ocrx_word' id='word_1_266' title='bbox 438 4209 562 4271; x_wconf 63' lang='lat' dir='ltr'>perideone</span> <span class='ocrx_word' id='word_1_267' title='bbox 580 4207 666 4256; x_wconf 84' lang='lat' dir='ltr'>Gomm</span> <span class='ocrx_word' id='word_1_268' title='bbox 718 4210 753 4257; x_wconf 77' lang='lat'>20.</span> <span class='ocrx_word' id='word_1_269' title='bbox 768 4206 861 4255; x_wconf 74' lang='lat' dir='ltr'>‘eoram&#39;</span> <span class='ocrx_word' id='word_1_270' title='bbox 886 4207 942 4256; x_wconf 88' lang='lat' dir='ltr'>coni</span> <span class='ocrx_word' id='word_1_271' title='bbox 959 4208 996 4254; x_wconf 91' lang='lat' dir='ltr'>Bu</span> <span class='ocrx_word' id='word_1_272' title='bbox 1017 4203 1029 4274; x_wconf 66' lang='lat' dir='ltr'>fl</span> <span class='ocrx_word' id='word_1_273' title='bbox 1047 4206 1079 4254; x_wconf 79' lang='lat' dir='ltr'>ab</span> <span class='ocrx_word' id='word_1_274' title='bbox 1096 4206 1155 4268; x_wconf 63' lang='lat' dir='ltr'>rhais</span> <span class='ocrx_word' id='word_1_275' title='bbox 1173 4202 1299 4272; x_wconf 72' lang='lat' dir='ltr'>{Lapathial</span> <span class='ocrx_word' id='word_1_276' title='bbox 1319 4206 1377 4253; x_wconf 86' lang='lat' dir='ltr'>coni</span> <span class='ocrx_word' id='word_1_277' title='bbox 1394 4204 1420 4256; x_wconf 78' lang='grc' dir='ltr'><strong>Σ</strong></span> 
     </span>
     <span class='ocr_line' id='line_1_34' title="bbox 197 4300 1421 4383; baseline -0.011 -20"><span class='ocrx_word' id='word_1_278' title='bbox 197 4312 330 4383; x_wconf 63' lang='lat' dir='ltr'>lim-21</span> <span class='ocrx_word' id='word_1_279' title='bbox 349 4307 474 4368; x_wconf 75' lang='lat' dir='ltr'>singulare</span> <span class='ocrx_word' id='word_1_280' title='bbox 493 4308 567 4365; x_wconf 83' lang='lat' dir='ltr'>caput</span> <span class='ocrx_word' id='word_1_281' title='bbox 583 4301 749 4364; x_wconf 85' lang='lat' dir='ltr'>constituunt,</span> <span class='ocrx_word' id='word_1_282' title='bbox 771 4303 837 4363; x_wconf 89' lang='lat' dir='ltr'>quod</span> <span class='ocrx_word' id='word_1_283' title='bbox 854 4302 999 4363; x_wconf 85' lang='lat' dir='ltr'>inscriptum</span> <span class='ocrx_word' id='word_1_284' title='bbox 1016 4306 1080 4350; x_wconf 82' lang='lat' dir='ltr'>arat:</span> <span class='ocrx_word' id='word_1_285' title='bbox 1104 4301 1176 4360; x_wconf 89' lang='lat' dir='ltr'>item,</span> <span class='ocrx_word' id='word_1_286' title='bbox 1200 4300 1256 4349; x_wconf 80' lang='lat' dir='ltr'>dlis</span> <span class='ocrx_word' id='word_1_287' title='bbox 1273 4300 1299 4348; x_wconf 87' lang='lat' dir='ltr'>in</span> <span class='ocrx_word' id='word_1_288' title='bbox 1317 4301 1421 4364; x_wconf 81' lang='lat' dir='ltr'>nuptiis.</span> 
     </span>
     <span class='ocr_line' id='line_1_35' title="bbox 264 4400 471 4458; baseline -0.058 0"><span class='ocrx_word' id='word_1_289' title='bbox 264 4411 295 4458; x_wconf 74' lang='lat'>2³</span> <span class='ocrx_word' id='word_1_290' title='bbox 313 4405 434 4454; x_wconf 76' lang='lat' dir='ltr'>sulianum</span> <span class='ocrx_word' id='word_1_291' title='bbox 450 4400 471 4446; x_wconf 67' lang='lat'>1⁴¹</span> 
     </span>
    </p>
   </div>
   <div class='ocr_carea' id='block_1_12' title="bbox 0 0 1546 4950">
    <p class='ocr_par' dir='ltr' id='par_1_16' title="bbox 0 0 1546 4950">
     <span class='ocr_line' id='line_1_36' title="bbox 0 0 1546 4950; baseline 0 1"><span class='ocrx_word' id='word_1_292' title='bbox 0 0 1546 4950; x_wconf 95' lang='lat' dir='ltr'> </span> 
     </span>
    </p>
   </div>
  </div>
 </body>
</html>
