<?xml version="1.0" encoding="UTF-8"?>
<!DOCTYPE html PUBLIC "-//W3C//DTD XHTML 1.0 Transitional//EN"
    "http://www.w3.org/TR/xhtml1/DTD/xhtml1-transitional.dtd">
<html xmlns="http://www.w3.org/1999/xhtml" xml:lang="en" lang="en">
 <head>
  <title>
</title>
<meta http-equiv="Content-Type" content="text/html;charset=utf-8" />
  <meta name='ocr-system' content='tesseract 3.04.00' />
  <meta name='ocr-capabilities' content='ocr_page ocr_carea ocr_par ocr_line ocrx_word'/>
</head>
<body>
  <div class='ocr_page' id='page_1' title='image "./hyginifabulae00hygigoog_0183.png"; bbox 0 0 3082 4950; ppageno 0'>
   <div class='ocr_carea' id='block_1_1' title="bbox 800 232 862 302">
    <p class='ocr_par' dir='ltr' id='par_1_1' title="bbox 800 232 862 302">
     <span class='ocr_line' id='line_1_1' title="bbox 800 232 862 302; baseline 0.016 -1"><span class='ocrx_word' id='word_1_1' title='bbox 800 232 862 302; x_wconf 77' lang='lat'><strong>122</strong></span> 
     </span>
    </p>
   </div>
   <div class='ocr_carea' id='block_1_2' title="bbox 218 385 1449 587">
    <p class='ocr_par' dir='ltr' id='par_1_2' title="bbox 218 385 1449 587">
     <span class='ocr_line' id='line_1_2' title="bbox 218 385 1449 470; baseline 0.003 -20"><span class='ocrx_word' id='word_1_2' title='bbox 218 386 320 468; x_wconf 92' lang='lat' dir='ltr'><strong>patris</strong></span> <span class='ocrx_word' id='word_1_3' title='bbox 342 385 468 452; x_wconf 93' lang='lat' dir='ltr'><strong>nomine</strong></span> <span class='ocrx_word' id='word_1_4' title='bbox 490 387 599 453; x_wconf 92' lang='lat' dir='ltr'><strong>audito</strong></span> <span class='ocrx_word' id='word_1_5' title='bbox 621 387 743 454; x_wconf 89' lang='lat' dir='ltr'><strong>indicat</strong></span> <span class='ocrx_word' id='word_1_6' title='bbox 764 407 800 454; x_wconf 91' lang='lat' dir='ltr'><strong>se</strong></span> <span class='ocrx_word' id='word_1_7' title='bbox 815 389 912 456; x_wconf 87' lang='lat' dir='ltr'><strong>filiam</strong></span> <span class='ocrx_word' id='word_1_8' title='bbox 934 409 1006 457; x_wconf 92' lang='lat' dir='ltr'><strong>esse</strong></span> <span class='ocrx_word' id='word_1_9' title='bbox 1029 390 1114 470; x_wconf 90' lang='lat' dir='ltr'><strong>eius;</strong></span> <span class='ocrx_word' id='word_1_10' title='bbox 1136 392 1247 456; x_wconf 90' lang='lat' dir='ltr'><strong>Icarus</strong></span> <span class='ocrx_word' id='word_1_11' title='bbox 1266 394 1374 455; x_wconf 91' lang='lat' dir='ltr'><strong>autem</strong></span> <span class='ocrx_word' id='word_1_12' title='bbox 1392 408 1449 454; x_wconf 88' lang='lat' dir='ltr'><strong>rex</strong></span> 
     </span>
     <span class='ocr_line' id='line_1_3' title="bbox 221 496 1249 587; baseline 0.005 -26"><span class='ocrx_word' id='word_1_13' title='bbox 221 496 383 587; x_wconf 79' lang='lat' dir='ltr'><strong>agnitipne</strong></span> <span class='ocrx_word' id='word_1_14' title='bbox 404 496 489 564; x_wconf 89' lang='lat' dir='ltr'><strong>facta</strong></span> <span class='ocrx_word' id='word_1_15' title='bbox 512 516 581 565; x_wconf 89' lang='lat' dir='ltr'><strong>cum</strong></span> <span class='ocrx_word' id='word_1_16' title='bbox 604 500 787 566; x_wconf 88' lang='lat' dir='ltr'><strong>muneribus</strong></span> <span class='ocrx_word' id='word_1_17' title='bbox 810 501 935 568; x_wconf 92' lang='lat' dir='ltr'><strong>eumin</strong></span> <span class='ocrx_word' id='word_1_18' title='bbox 957 503 1094 584; x_wconf 88' lang='lat' dir='ltr'><strong>patriam</strong></span> <span class='ocrx_word' id='word_1_19' title='bbox 1116 501 1249 568; x_wconf 81' lang='lat' dir='ltr'><strong>remisit.</strong></span> 
     </span>
    </p>
   </div>
   <div class='ocr_carea' id='block_1_3' title="bbox 678 696 977 765">
    <p class='ocr_par' dir='ltr' id='par_1_3' title="bbox 678 696 977 765">
     <span class='ocr_line' id='line_1_4' title="bbox 678 696 977 765; baseline 0.007 -2"><span class='ocrx_word' id='word_1_20' title='bbox 678 696 774 763; x_wconf 83' lang='lat' dir='ltr'>CXCI</span> <span class='ocrx_word' id='word_1_21' title='bbox 795 716 850 764; x_wconf 89' lang='lat' dir='ltr'><strong>rex</strong></span> <span class='ocrx_word' id='word_1_22' title='bbox 871 697 977 765; x_wconf 89' lang='lat' dir='ltr'><strong>Midas</strong></span> 
     </span>
    </p>
   </div>
   <div class='ocr_carea' id='block_1_4' title="bbox 166 832 1449 2473">
    <p class='ocr_par' dir='ltr' id='par_1_4' title="bbox 166 832 1449 2473">
     <span class='ocr_line' id='line_1_5' title="bbox 303 832 1448 918; baseline 0.001 -21"><span class='ocrx_word' id='word_1_23' title='bbox 303 833 407 898; x_wconf 89' lang='lat' dir='ltr'><strong>Midas</strong></span> <span class='ocrx_word' id='word_1_24' title='bbox 426 852 482 898; x_wconf 90' lang='lat' dir='ltr'><strong>rex</strong></span> <span class='ocrx_word' id='word_1_25' title='bbox 498 833 689 916; x_wconf 89' lang='lat' dir='ltr'><strong>Mygdonius</strong></span> <span class='ocrx_word' id='word_1_26' title='bbox 704 833 790 899; x_wconf 91' lang='lat' dir='ltr'><strong>filius</strong></span> <span class='ocrx_word' id='word_1_27' title='bbox 807 835 919 900; x_wconf 86' lang='lat' dir='ltr'><strong>matris</strong></span> <span class='ocrx_word' id='word_1_28' title='bbox 943 832 1055 918; x_wconf 77' lang='lat' dir='ltr'><strong>llldeae</strong></span> <span class='ocrx_word' id='word_1_29' title='bbox 1075 851 1095 898; x_wconf 96' lang='lat' dir='ltr'><strong>a</strong></span> <span class='ocrx_word' id='word_1_30' title='bbox 1113 833 1244 917; x_wconf 83' lang='lat' dir='ltr'><strong>Tymolo</strong></span> <span class='ocrx_word' id='word_1_31' title='bbox 1269 833 1372 918; x_wconf 80' lang='lat' dir='ltr'><strong>liudex</strong></span> <span class='ocrx_word' id='word_1_32' title='bbox 1387 833 1448 914; x_wconf 83' lang='lat' dir='ltr'><strong>estl</strong></span> 
     </span>
     <span class='ocr_line' id='line_1_6' title="bbox 218 943 1448 1027; baseline 0.002 -19"><span class='ocrx_word' id='word_1_33' title='bbox 218 949 363 1026; x_wconf 88' lang='lat' dir='ltr'><strong>sumptus</strong></span> <span class='ocrx_word' id='word_1_34' title='bbox 392 964 429 1009; x_wconf 91' lang='lat' dir='ltr'><strong>eo</strong></span> <span class='ocrx_word' id='word_1_35' title='bbox 456 950 613 1027; x_wconf 88' lang='lat' dir='ltr'><strong>ternpore,</strong></span> <span class='ocrx_word' id='word_1_36' title='bbox 644 964 706 1026; x_wconf 89' lang='lat' dir='ltr'><strong>qno</strong></span> <span class='ocrx_word' id='word_1_37' title='bbox 728 945 843 1027; x_wconf 83' lang='lat' dir='ltr'>Apollo</span> <span class='ocrx_word' id='word_1_38' title='bbox 873 964 944 1011; x_wconf 91' lang='lat' dir='ltr'><strong>cum</strong></span> <span class='ocrx_word' id='word_1_39' title='bbox 965 945 1096 1027; x_wconf 80' lang='lat' dir='ltr'><strong>Marsya</strong></span> <span class='ocrx_word' id='word_1_40' title='bbox 1125 945 1186 1025; x_wconf 88' lang='lat' dir='ltr'><strong>[vel</strong></span> <span class='ocrx_word' id='word_1_41' title='bbox 1210 945 1297 1010; x_wconf 85' lang='lat' dir='ltr'><strong>Pane</strong></span> <span class='ocrx_word' id='word_1_42' title='bbox 1324 943 1448 1024; x_wconf 84' lang='lat' dir='ltr'><strong>fistula]</strong></span> 
     </span>
     <span class='ocr_line' id='line_1_7' title="bbox 186 1053 1449 1138; baseline 0.002 -20"><span class='ocrx_word' id='word_1_43' title='bbox 186 1053 358 1119; x_wconf 80' lang='lat' dir='ltr'><strong>boertavit.</strong></span> <span class='ocrx_word' id='word_1_44' title='bbox 381 1057 466 1137; x_wconf 90' lang='lat' dir='ltr'><strong>quod</strong></span> <span class='ocrx_word' id='word_1_45' title='bbox 489 1075 559 1121; x_wconf 88' lang='lat' dir='ltr'><strong>curn</strong></span> <span class='ocrx_word' id='word_1_46' title='bbox 579 1057 729 1138; x_wconf 91' lang='lat' dir='ltr'><strong>Tymolus</strong></span> <span class='ocrx_word' id='word_1_47' title='bbox 751 1056 916 1122; x_wconf 85' lang='lat' dir='ltr'><strong>victoriam</strong></span> <span class='ocrx_word' id='word_1_48' title='bbox 938 1056 1078 1138; x_wconf 87' lang='lat' dir='ltr'>Apollini</span> <span class='ocrx_word' id='word_1_49' title='bbox 1101 1058 1207 1136; x_wconf 83' lang='lat' dir='ltr'><strong>daret,</strong></span> <span class='ocrx_word' id='word_1_50' title='bbox 1235 1055 1343 1121; x_wconf 90' lang='lat' dir='ltr'><strong>Midas</strong></span> <span class='ocrx_word' id='word_1_51' title='bbox 1365 1055 1449 1121; x_wconf 87' lang='lat' dir='ltr'><strong>dixit</strong></span> 
     </span>
     <span class='ocr_line' id='line_1_8' title="bbox 215 1166 1449 1250; baseline 0.002 -20"><span class='ocrx_word' id='word_1_52' title='bbox 215 1166 363 1248; x_wconf 81' lang='lat' dir='ltr'>Marsyae</span> <span class='ocrx_word' id='word_1_53' title='bbox 381 1166 488 1248; x_wconf 90' lang='lat' dir='ltr'><strong>potius</strong></span> <span class='ocrx_word' id='word_1_54' title='bbox 505 1168 652 1233; x_wconf 89' lang='lat' dir='ltr'><strong>dandam.</strong></span> <span class='ocrx_word' id='word_1_55' title='bbox 673 1172 749 1233; x_wconf 90' lang='lat' dir='ltr'><strong>tunc</strong></span> <span class='ocrx_word' id='word_1_56' title='bbox 767 1168 881 1250; x_wconf 85' lang='lat' dir='ltr'>Apollo</span> <span class='ocrx_word' id='word_1_57' title='bbox 900 1167 1086 1249; x_wconf 91' lang='lat' dir='ltr'><strong>indignatus</strong></span> <span class='ocrx_word' id='word_1_58' title='bbox 1103 1166 1210 1232; x_wconf 86' lang='lat' dir='ltr'><strong>Midae</strong></span> <span class='ocrx_word' id='word_1_59' title='bbox 1225 1166 1319 1232; x_wconf 83' lang='lat' dir='ltr'><strong>dixit:</strong></span> <span class='ocrx_word' id='word_1_60' title='bbox 1343 1167 1449 1249; x_wconf 87' lang='lat' dir='ltr'><strong>‘quale</strong></span> 
     </span>
     <span class='ocr_line' id='line_1_9' title="bbox 216 1276 1448 1360; baseline 0.003 -20"><span class='ocrx_word' id='word_1_61' title='bbox 216 1293 270 1340; x_wconf 91' lang='lat' dir='ltr'><strong>cor</strong></span> <span class='ocrx_word' id='word_1_62' title='bbox 291 1276 323 1340; x_wconf 92' lang='lat' dir='ltr'><strong>in</strong></span> <span class='ocrx_word' id='word_1_63' title='bbox 345 1277 515 1344; x_wconf 90' lang='lat' dir='ltr'><strong>iudicando</strong></span> <span class='ocrx_word' id='word_1_64' title='bbox 537 1279 692 1360; x_wconf 83' lang='lat' dir='ltr'><strong>habuisti,</strong></span> <span class='ocrx_word' id='word_1_65' title='bbox 723 1280 806 1345; x_wconf 89' lang='lat' dir='ltr'><strong>tales</strong></span> <span class='ocrx_word' id='word_1_66' title='bbox 829 1284 862 1344; x_wconf 89' lang='lat' dir='ltr'><strong>et</strong></span> <span class='ocrx_word' id='word_1_67' title='bbox 884 1279 1042 1345; x_wconf 80' lang='lat' dir='ltr'><strong>auriculas</strong></span> <span class='ocrx_word' id='word_1_68' title='bbox 1064 1276 1205 1344; x_wconf 92' lang='lat' dir='ltr'><strong>habehis’</strong></span> <span class='ocrx_word' id='word_1_69' title='bbox 1228 1278 1344 1360; x_wconf 90' lang='lat' dir='ltr'><strong>quibus</strong></span> <span class='ocrx_word' id='word_1_70' title='bbox 1366 1278 1448 1344; x_wconf 89' lang='lat' dir='ltr'><strong>diris</strong></span> 
     </span>
     <span class='ocr_line' id='line_1_10' title="bbox 216 1387 1448 1475; baseline 0.003 -24"><span class='ocrx_word' id='word_1_71' title='bbox 216 1387 320 1452; x_wconf 87' lang='lat' dir='ltr'><strong>effecit</strong></span> <span class='ocrx_word' id='word_1_72' title='bbox 346 1394 382 1453; x_wconf 92' lang='lat' dir='ltr'><strong>nt</strong></span> <span class='ocrx_word' id='word_1_73' title='bbox 404 1390 546 1455; x_wconf 88' lang='lat' dir='ltr'><strong>asininas</strong></span> <span class='ocrx_word' id='word_1_74' title='bbox 572 1390 705 1475; x_wconf 82' lang='lat' dir='ltr'><strong>haberat</strong></span> <span class='ocrx_word' id='word_1_75' title='bbox 727 1408 831 1456; x_wconf 87' lang='lat' dir='ltr'><strong>aures.</strong></span> <span class='ocrx_word' id='word_1_76' title='bbox 876 1391 935 1471; x_wconf 79' lang='lat' dir='ltr'><strong>[Eo</strong></span> <span class='ocrx_word' id='word_1_77' title='bbox 956 1394 1110 1472; x_wconf 87' lang='lat' dir='ltr'><strong>tempore]</strong></span> <span class='ocrx_word' id='word_1_78' title='bbox 1139 1390 1237 1456; x_wconf 88' lang='lat' dir='ltr'><strong>Liber</strong></span> <span class='ocrx_word' id='word_1_79' title='bbox 1257 1395 1352 1472; x_wconf 90' lang='lat' dir='ltr'><strong>pater</strong></span> <span class='ocrx_word' id='word_1_80' title='bbox 1374 1407 1448 1455; x_wconf 93' lang='lat' dir='ltr'><strong>cum</strong></span> 
     </span>
     <span class='ocr_line' id='line_1_11' title="bbox 216 1499 1448 1585; baseline 0.004 -22"><span class='ocrx_word' id='word_1_81' title='bbox 216 1499 387 1565; x_wconf 90' lang='lat' dir='ltr'><strong>exercitum</strong></span> <span class='ocrx_word' id='word_1_82' title='bbox 415 1500 449 1565; x_wconf 94' lang='lat' dir='ltr'><strong>in</strong></span> <span class='ocrx_word' id='word_1_83' title='bbox 471 1502 594 1566; x_wconf 89' lang='lat' dir='ltr'><strong>Indiam</strong></span> <span class='ocrx_word' id='word_1_84' title='bbox 618 1503 763 1583; x_wconf 92' lang='lat' dir='ltr'><strong>duceret,</strong></span> <span class='ocrx_word' id='word_1_85' title='bbox 794 1501 920 1568; x_wconf 89' lang='lat' dir='ltr'><strong>Silenus</strong></span> <span class='ocrx_word' id='word_1_86' title='bbox 943 1500 1119 1582; x_wconf 85' lang='lat' dir='ltr'><strong>aberravit,</strong></span> <span class='ocrx_word' id='word_1_87' title='bbox 1148 1519 1241 1585; x_wconf 85' lang='lat' dir='ltr'><strong>quam</strong></span> <span class='ocrx_word' id='word_1_88' title='bbox 1262 1501 1370 1567; x_wconf 88' lang='lat' dir='ltr'><strong>Midas</strong></span> <span class='ocrx_word' id='word_1_89' title='bbox 1393 1520 1448 1568; x_wconf 88' lang='lat' dir='ltr'><strong>ex·</strong></span> 
     </span>
     <span class='ocr_line' id='line_1_12' title="bbox 166 1610 1449 1695; baseline 0.003 -21"><span class='ocrx_word' id='word_1_90' title='bbox 166 1610 206 1674; x_wconf 93' lang='lat'><strong>10</strong></span> <span class='ocrx_word' id='word_1_91' title='bbox 215 1615 341 1692; x_wconf 88' lang='lat' dir='ltr'><strong>ceptum</strong></span> <span class='ocrx_word' id='word_1_92' title='bbox 363 1612 504 1694; x_wconf 91' lang='lat' dir='ltr'><strong>hospitio</strong></span> <span class='ocrx_word' id='word_1_93' title='bbox 526 1612 701 1679; x_wconf 88' lang='lat' dir='ltr'><strong>liberaliter</strong></span> <span class='ocrx_word' id='word_1_94' title='bbox 722 1613 859 1695; x_wconf 78' lang='lat' dir='ltr'><strong>accepit,</strong></span> <span class='ocrx_word' id='word_1_95' title='bbox 882 1618 979 1694; x_wconf 88' lang='lat' dir='ltr'><strong>atque</strong></span> <span class='ocrx_word' id='word_1_96' title='bbox 1001 1612 1113 1677; x_wconf 87' lang='lat' dir='ltr'><strong>ducem</strong></span> <span class='ocrx_word' id='word_1_97' title='bbox 1132 1612 1221 1678; x_wconf 89' lang='lat' dir='ltr'><strong>dedit</strong></span> <span class='ocrx_word' id='word_1_98' title='bbox 1241 1612 1295 1694; x_wconf 90' lang='lat' dir='ltr'><strong>qui</strong></span> <span class='ocrx_word' id='word_1_99' title='bbox 1318 1631 1391 1678; x_wconf 92' lang='lat' dir='ltr'><strong>eum</strong></span> <span class='ocrx_word' id='word_1_100' title='bbox 1414 1611 1449 1678; x_wconf 92' lang='lat' dir='ltr'><strong>in</strong></span> 
     </span>
     <span class='ocr_line' id='line_1_13' title="bbox 215 1722 1448 1805; baseline 0.002 -18"><span class='ocrx_word' id='word_1_101' title='bbox 215 1722 399 1788; x_wconf 88' lang='lat' dir='ltr'><strong>comitatum</strong></span> <span class='ocrx_word' id='word_1_102' title='bbox 419 1724 527 1789; x_wconf 87' lang='lat' dir='ltr'><strong>Liberi</strong></span> <span class='ocrx_word' id='word_1_103' title='bbox 550 1726 729 1791; x_wconf 85' lang='lat' dir='ltr'><strong>deduceret.</strong></span> <span class='ocrx_word' id='word_1_104' title='bbox 773 1727 816 1789; x_wconf 89' lang='lat' dir='ltr'><strong>At</strong></span> <span class='ocrx_word' id='word_1_105' title='bbox 840 1724 946 1789; x_wconf 88' lang='lat' dir='ltr'><strong>Midae</strong></span> <span class='ocrx_word' id='word_1_106' title='bbox 967 1723 1062 1789; x_wconf 89' lang='lat' dir='ltr'><strong>Liber</strong></span> <span class='ocrx_word' id='word_1_107' title='bbox 1082 1729 1176 1805; x_wconf 84' lang='lat' dir='ltr'><strong>pater</strong></span> <span class='ocrx_word' id='word_1_108' title='bbox 1194 1722 1234 1788; x_wconf 96' lang='lat' dir='ltr'><strong>ob</strong></span> <span class='ocrx_word' id='word_1_109' title='bbox 1256 1722 1448 1789; x_wconf 90' lang='lat' dir='ltr'><strong>beneficium</strong></span> 
     </span>
     <span class='ocr_line' id='line_1_14' title="bbox 215 1833 1447 1918; baseline 0.001 -20"><span class='ocrx_word' id='word_1_110' title='bbox 215 1834 459 1916; x_wconf 79' lang='lat' dir='ltr'><strong>[deloptandi</strong></span> <span class='ocrx_word' id='word_1_111' title='bbox 482 1836 571 1900; x_wconf 89' lang='lat' dir='ltr'><strong>dedit</strong></span> <span class='ocrx_word' id='word_1_112' title='bbox 591 1840 794 1917; x_wconf 90' lang='lat' dir='ltr'><strong>potestatem,</strong></span> <span class='ocrx_word' id='word_1_113' title='bbox 816 1840 852 1900; x_wconf 91' lang='lat' dir='ltr'><strong>ut</strong></span> <span class='ocrx_word' id='word_1_114' title='bbox 870 1835 1018 1917; x_wconf 87' lang='lat' dir='ltr'><strong>quicquid</strong></span> <span class='ocrx_word' id='word_1_115' title='bbox 1032 1834 1131 1900; x_wconf 80' lang='lat' dir='ltr'><strong>vellet</strong></span> <span class='ocrx_word' id='word_1_116' title='bbox 1151 1838 1277 1918; x_wconf 87' lang='lat' dir='ltr'><strong>peteret</strong></span> <span class='ocrx_word' id='word_1_117' title='bbox 1299 1852 1318 1898; x_wconf 91' lang='lat' dir='ltr'><strong>a</strong></span> <span class='ocrx_word' id='word_1_118' title='bbox 1341 1853 1386 1899; x_wconf 88' lang='lat' dir='ltr'><strong>se.</strong></span> <span class='ocrx_word' id='word_1_119' title='bbox 1411 1833 1447 1918; x_wconf 79' lang='lat' dir='ltr'><strong>lal</strong></span> 
     </span>
     <span class='ocr_line' id='line_1_15' title="bbox 215 1938 1448 2028; baseline 0.001 -18"><span class='ocrx_word' id='word_1_120' title='bbox 215 1964 278 2026; x_wconf 88' lang='lat' dir='ltr'><strong>quo</strong></span> <span class='ocrx_word' id='word_1_121' title='bbox 299 1946 404 2011; x_wconf 91' lang='lat' dir='ltr'><strong>Midas</strong></span> <span class='ocrx_word' id='word_1_122' title='bbox 433 1946 539 2028; x_wconf 85' lang='lat' dir='ltr'><strong>petiit,</strong></span> <span class='ocrx_word' id='word_1_123' title='bbox 569 1955 605 2011; x_wconf 93' lang='lat' dir='ltr'><strong>ut</strong></span> <span class='ocrx_word' id='word_1_124' title='bbox 632 1946 784 2028; x_wconf 90' lang='lat' dir='ltr'><strong>quidquid</strong></span> <span class='ocrx_word' id='word_1_125' title='bbox 807 1947 969 2028; x_wconf 82' lang='lat' dir='ltr'><strong>tetigisset</strong></span> <span class='ocrx_word' id='word_1_126' title='bbox 995 1963 1106 2009; x_wconf 90' lang='lat' dir='ltr'><strong>aurum</strong></span> <span class='ocrx_word' id='word_1_127' title='bbox 1132 1938 1231 2010; x_wconf 84' lang='lat' dir='ltr'><strong>fieret.</strong></span> <span class='ocrx_word' id='word_1_128' title='bbox 1260 1945 1347 2026; x_wconf 91' lang='lat' dir='ltr'><strong>quod</strong></span> <span class='ocrx_word' id='word_1_129' title='bbox 1374 1963 1448 2011; x_wconf 88' lang='lat' dir='ltr'><strong>curn</strong></span> 
     </span>
     <span class='ocr_line' id='line_1_16' title="bbox 215 2055 1448 2139; baseline 0.002 -19"><span class='ocrx_word' id='word_1_130' title='bbox 215 2056 420 2138; x_wconf 88' lang='lat' dir='ltr'><strong>impetrasset</strong></span> <span class='ocrx_word' id='word_1_131' title='bbox 444 2063 477 2121; x_wconf 89' lang='lat' dir='ltr'><strong>et</strong></span> <span class='ocrx_word' id='word_1_132' title='bbox 498 2058 531 2121; x_wconf 92' lang='lat' dir='ltr'><strong>in</strong></span> <span class='ocrx_word' id='word_1_133' title='bbox 553 2057 674 2139; x_wconf 91' lang='lat' dir='ltr'><strong>regiam</strong></span> <span class='ocrx_word' id='word_1_134' title='bbox 695 2057 847 2137; x_wconf 87' lang='lat' dir='ltr'><strong>venisset,</strong></span> <span class='ocrx_word' id='word_1_135' title='bbox 869 2057 1023 2138; x_wconf 89' lang='lat' dir='ltr'><strong>quidquid</strong></span> <span class='ocrx_word' id='word_1_136' title='bbox 1037 2057 1188 2138; x_wconf 88' lang='lat' dir='ltr'><strong>tetigerat</strong></span> <span class='ocrx_word' id='word_1_137' title='bbox 1205 2074 1317 2121; x_wconf 87' lang='lat' dir='ltr'><strong>aurum</strong></span> <span class='ocrx_word' id='word_1_138' title='bbox 1337 2055 1448 2123; x_wconf 76' lang='lat' dir='ltr'><strong>fiebat</strong></span> 
     </span>
     <span class='ocr_line' id='line_1_17' title="bbox 166 2161 1448 2250; baseline 0.006 -24"><span class='ocrx_word' id='word_1_139' title='bbox 166 2161 205 2227; x_wconf 88' lang='lat'><strong>15</strong></span> <span class='ocrx_word' id='word_1_140' title='bbox 216 2186 286 2232; x_wconf 93' lang='lat' dir='ltr'><strong>curn</strong></span> <span class='ocrx_word' id='word_1_141' title='bbox 317 2169 380 2233; x_wconf 86' lang='lat' dir='ltr'><strong>ianr</strong></span> <span class='ocrx_word' id='word_1_142' title='bbox 412 2167 496 2233; x_wconf 90' lang='lat' dir='ltr'><strong>farne</strong></span> <span class='ocrx_word' id='word_1_143' title='bbox 526 2168 720 2233; x_wconf 85' lang='lat' dir='ltr'><strong>cruciaretur</strong></span> <span class='ocrx_word' id='word_1_144' title='bbox 748 2167 830 2250; x_wconf 92' lang='lat' dir='ltr'><strong>petit</strong></span> <span class='ocrx_word' id='word_1_145' title='bbox 861 2187 881 2232; x_wconf 93' lang='lat' dir='ltr'><strong>a</strong></span> <span class='ocrx_word' id='word_1_146' title='bbox 909 2167 1025 2233; x_wconf 91' lang='lat' dir='ltr'><strong>Libero</strong></span> <span class='ocrx_word' id='word_1_147' title='bbox 1055 2171 1092 2231; x_wconf 92' lang='lat' dir='ltr'><strong>ut</strong></span> <span class='ocrx_word' id='word_1_148' title='bbox 1122 2166 1184 2232; x_wconf 90' lang='lat' dir='ltr'><strong>sibi</strong></span> <span class='ocrx_word' id='word_1_149' title='bbox 1214 2167 1448 2249; x_wconf 90' lang='lat' dir='ltr'><strong>speciosum</strong></span> 
     </span>
     <span class='ocr_line' id='line_1_18' title="bbox 214 2276 1447 2362; baseline 0.002 -18"><span class='ocrx_word' id='word_1_150' title='bbox 214 2280 353 2344; x_wconf 88' lang='lat' dir='ltr'><strong>donum</strong></span> <span class='ocrx_word' id='word_1_151' title='bbox 376 2279 566 2361; x_wconf 88' lang='lat' dir='ltr'><strong>eriperet.</strong></span> <span class='ocrx_word' id='word_1_152' title='bbox 597 2298 690 2362; x_wconf 87' lang='lat' dir='ltr'><strong>quern</strong></span> <span class='ocrx_word' id='word_1_153' title='bbox 712 2279 808 2345; x_wconf 89' lang='lat' dir='ltr'><strong>Liber</strong></span> <span class='ocrx_word' id='word_1_154' title='bbox 836 2277 932 2344; x_wconf 90' lang='lat' dir='ltr'><strong>iussit</strong></span> <span class='ocrx_word' id='word_1_155' title='bbox 958 2278 991 2342; x_wconf 94' lang='lat' dir='ltr'><strong>in</strong></span> <span class='ocrx_word' id='word_1_156' title='bbox 1013 2276 1142 2343; x_wconf 92' lang='lat' dir='ltr'><strong>flumine</strong></span> <span class='ocrx_word' id='word_1_157' title='bbox 1164 2278 1295 2344; x_wconf 91' lang='lat' dir='ltr'><strong>Pactolo</strong></span> <span class='ocrx_word' id='word_1_158' title='bbox 1324 2298 1361 2345; x_wconf 91' lang='lat' dir='ltr'><strong>se</strong></span> <span class='ocrx_word' id='word_1_159' title='bbox 1389 2279 1447 2346; x_wconf 90' lang='lat' dir='ltr'><strong>ab·</strong></span> 
     </span>
     <span class='ocr_line' id='line_1_19' title="bbox 213 2388 1446 2473; baseline 0.002 -19"><span class='ocrx_word' id='word_1_160' title='bbox 213 2390 340 2470; x_wconf 89' lang='lat' dir='ltr'><strong>luere,</strong></span> <span class='ocrx_word' id='word_1_161' title='bbox 363 2391 452 2456; x_wconf 91' lang='lat' dir='ltr'><strong>cuius</strong></span> <span class='ocrx_word' id='word_1_162' title='bbox 474 2409 615 2473; x_wconf 92' lang='lat' dir='ltr'><strong>corpus</strong></span> <span class='ocrx_word' id='word_1_163' title='bbox 639 2409 754 2473; x_wconf 90' lang='lat' dir='ltr'><strong>aquam</strong></span> <span class='ocrx_word' id='word_1_164' title='bbox 768 2409 839 2455; x_wconf 91' lang='lat' dir='ltr'><strong>cum</strong></span> <span class='ocrx_word' id='word_1_165' title='bbox 857 2389 1027 2471; x_wconf 85' lang='lat' dir='ltr'><strong>tetigisset,</strong></span> <span class='ocrx_word' id='word_1_166' title='bbox 1048 2388 1135 2454; x_wconf 89' lang='lat' dir='ltr'><strong>iacta</strong></span> <span class='ocrx_word' id='word_1_167' title='bbox 1150 2395 1202 2454; x_wconf 91' lang='lat' dir='ltr'><strong>est</strong></span> <span class='ocrx_word' id='word_1_168' title='bbox 1216 2391 1321 2456; x_wconf 87' lang='lat' dir='ltr'><strong>colore</strong></span> <span class='ocrx_word' id='word_1_169' title='bbox 1337 2408 1446 2458; x_wconf 91' lang='lat' dir='ltr'><strong>aureo.</strong></span> 
     </span>
    </p>
   </div>
   <div class='ocr_carea' id='block_1_5' title="bbox 214 2496 1188 2586">
    <p class='ocr_par' dir='ltr' id='par_1_5' title="bbox 214 2496 1188 2586">
     <span class='ocr_line' id='line_1_20' title="bbox 214 2496 1188 2586; baseline -0.001 -20"><span class='ocrx_word' id='word_1_170' title='bbox 214 2501 297 2586; x_wconf 87' lang='lat' dir='ltr'><strong>quod</strong></span> <span class='ocrx_word' id='word_1_171' title='bbox 319 2501 435 2567; x_wconf 89' lang='lat' dir='ltr'><strong>flumen</strong></span> <span class='ocrx_word' id='word_1_172' title='bbox 457 2519 541 2567; x_wconf 89' lang='lat' dir='ltr'><strong>nunc</strong></span> <span class='ocrx_word' id='word_1_173' title='bbox 562 2502 797 2584; x_wconf 84' lang='lat' dir='ltr'><strong>Chrysorrhoas</strong></span> <span class='ocrx_word' id='word_1_174' title='bbox 820 2496 1007 2583; x_wconf 88' lang='lat' dir='ltr'><strong>appellatur&#39;</strong></span> <span class='ocrx_word' id='word_1_175' title='bbox 1021 2500 1054 2564; x_wconf 93' lang='lat' dir='ltr'><strong>in</strong></span> <span class='ocrx_word' id='word_1_176' title='bbox 1077 2500 1188 2582; x_wconf 91' lang='lat' dir='ltr'><strong>Lydia.</strong></span> 
     </span>
    </p>
   </div>
   <div class='ocr_carea' id='block_1_6' title="bbox 716 2698 939 2780">
    <p class='ocr_par' dir='ltr' id='par_1_6' title="bbox 716 2698 939 2780">
     <span class='ocr_line' id='line_1_21' title="bbox 716 2698 939 2780; baseline -0.009 -16"><span class='ocrx_word' id='word_1_177' title='bbox 716 2698 829 2764; x_wconf 86' lang='lat' dir='ltr'>CXCII</span> <span class='ocrx_word' id='word_1_178' title='bbox 849 2698 939 2780; x_wconf 87' lang='lat' dir='ltr'><strong>Hyas</strong></span> 
     </span>
    </p>
   </div>
   <div class='ocr_carea' id='block_1_7' title="bbox 162 2831 1449 3471">
    <p class='ocr_par' dir='ltr' id='par_1_7' title="bbox 298 2831 1449 2902">
     <span class='ocr_line' id='line_1_22' title="bbox 298 2831 1449 2902; baseline 0 -2"><span class='ocrx_word' id='word_1_179' title='bbox 298 2837 390 2901; x_wconf 89' lang='lat' dir='ltr'><strong>Atlas</strong></span> <span class='ocrx_word' id='word_1_180' title='bbox 413 2855 451 2902; x_wconf 92' lang='lat' dir='ltr'><strong>ex</strong></span> <span class='ocrx_word' id='word_1_181' title='bbox 473 2836 602 2902; x_wconf 91' lang='lat' dir='ltr'><strong>Pleione</strong></span> <span class='ocrx_word' id='word_1_182' title='bbox 625 2834 743 2900; x_wconf 84' lang='lat' dir='ltr'><strong>sive**</strong></span> <span class='ocrx_word' id='word_1_183' title='bbox 765 2834 951 2899; x_wconf 89' lang='lat' dir='ltr'><strong>Oceanitide</strong></span> <span class='ocrx_word' id='word_1_184' title='bbox 973 2832 1140 2898; x_wconf 92' lang='lat' dir='ltr'><strong>duodecim</strong></span> <span class='ocrx_word' id='word_1_185' title='bbox 1168 2831 1251 2898; x_wconf 87' lang='lat' dir='ltr'><strong>filias</strong></span> <span class='ocrx_word' id='word_1_186' title='bbox 1276 2833 1391 2898; x_wconf 89' lang='lat' dir='ltr'><strong>habuit</strong></span> <span class='ocrx_word' id='word_1_187' title='bbox 1414 2840 1449 2900; x_wconf 91' lang='lat' dir='ltr'><strong>et</strong></span> 
     </span>
    </p>

    <p class='ocr_par' dir='ltr' id='par_1_8' title="bbox 162 2942 1449 3471">
     <span class='ocr_line' id='line_1_23' title="bbox 162 2942 1448 3029; baseline -0.002 -16"><span class='ocrx_word' id='word_1_188' title='bbox 162 2952 205 3016; x_wconf 86' lang='grc'><strong>20</strong></span> <span class='ocrx_word' id='word_1_189' title='bbox 213 2946 311 3011; x_wconf 91' lang='lat' dir='ltr'><strong>filium</strong></span> <span class='ocrx_word' id='word_1_190' title='bbox 333 2948 503 3029; x_wconf 86' lang='lat' dir='ltr'><strong>Hyantem.</strong></span> <span class='ocrx_word' id='word_1_191' title='bbox 532 2964 624 3027; x_wconf 91' lang='lat' dir='ltr'><strong>quern</strong></span> <span class='ocrx_word' id='word_1_192' title='bbox 646 2945 687 3010; x_wconf 91' lang='lat' dir='ltr'><strong>ab</strong></span> <span class='ocrx_word' id='word_1_193' title='bbox 709 2962 788 3026; x_wconf 90' lang='lat' dir='ltr'><strong>apro</strong></span> <span class='ocrx_word' id='word_1_194' title='bbox 813 2944 978 3009; x_wconf 83' lang='lat' dir='ltr'><strong>vellesne</strong></span> <span class='ocrx_word' id='word_1_195' title='bbox 1001 2942 1139 3010; x_wconf 87' lang='lat' dir='ltr'><strong>occisum</strong></span> <span class='ocrx_word' id='word_1_196' title='bbox 1160 2945 1237 3009; x_wconf 91' lang='lat' dir='ltr'><strong>dum</strong></span> <span class='ocrx_word' id='word_1_197' title='bbox 1258 2944 1372 3025; x_wconf 89' lang='lat' dir='ltr'><strong>lugent</strong></span> <span class='ocrx_word' id='word_1_198' title='bbox 1393 2964 1448 3011; x_wconf 88' lang='lat' dir='ltr'><strong>so·</strong></span> 
     </span>
     <span class='ocr_line' id='line_1_24' title="bbox 213 3054 1449 3139; baseline 0 -17"><span class='ocrx_word' id='word_1_199' title='bbox 213 3076 303 3123; x_wconf 90' lang='lat' dir='ltr'><strong>rores</strong></span> <span class='ocrx_word' id='word_1_200' title='bbox 326 3058 366 3122; x_wconf 93' lang='lat' dir='ltr'><strong>ab</strong></span> <span class='ocrx_word' id='word_1_201' title='bbox 390 3076 427 3121; x_wconf 94' lang='lat' dir='ltr'><strong>eo</strong></span> <span class='ocrx_word' id='word_1_202' title='bbox 449 3057 537 3122; x_wconf 92' lang='lat' dir='ltr'><strong>luctu</strong></span> <span class='ocrx_word' id='word_1_203' title='bbox 555 3061 762 3137; x_wconf 91' lang='lat' dir='ltr'><strong>consumptae</strong></span> <span class='ocrx_word' id='word_1_204' title='bbox 784 3061 867 3121; x_wconf 90' lang='lat' dir='ltr'><strong>sunt.</strong></span> <span class='ocrx_word' id='word_1_205' title='bbox 910 3055 970 3139; x_wconf 83' lang='lat' dir='ltr'><strong>[Ex</strong></span> <span class='ocrx_word' id='word_1_206' title='bbox 991 3054 1042 3121; x_wconf 94' lang='lat' dir='ltr'><strong>his</strong></span> <span class='ocrx_word' id='word_1_207' title='bbox 1059 3054 1197 3136; x_wconf 90' lang='lat' dir='ltr'><strong>quinque</strong></span> <span class='ocrx_word' id='word_1_208' title='bbox 1218 3054 1341 3137; x_wconf 91' lang='lat' dir='ltr'><strong>primae</strong></span> <span class='ocrx_word' id='word_1_209' title='bbox 1361 3057 1449 3122; x_wconf 90' lang='lat' dir='ltr'><strong>inter</strong></span> 
     </span>
     <span class='ocr_line' id='line_1_25' title="bbox 214 3165 1449 3248; baseline 0 -14"><span class='ocrx_word' id='word_1_210' title='bbox 214 3169 321 3234; x_wconf 89' lang='lat' dir='ltr'><strong>sidera</strong></span> <span class='ocrx_word' id='word_1_211' title='bbox 343 3169 464 3233; x_wconf 90' lang='lat' dir='ltr'><strong>relatae</strong></span> <span class='ocrx_word' id='word_1_212' title='bbox 485 3169 590 3233; x_wconf 91' lang='lat' dir='ltr'><strong>locum</strong></span> <span class='ocrx_word' id='word_1_213' title='bbox 605 3167 727 3232; x_wconf 89' lang='lat' dir='ltr'><strong>habent</strong></span> <span class='ocrx_word' id='word_1_214' title='bbox 747 3166 832 3231; x_wconf 88' lang='lat' dir='ltr'><strong>inter</strong></span> <span class='ocrx_word' id='word_1_215' title='bbox 846 3184 965 3232; x_wconf 90' lang='lat' dir='ltr'><strong>cornua</strong></span> <span class='ocrx_word' id='word_1_216' title='bbox 986 3166 1079 3247; x_wconf 85' lang='lat' dir='ltr'><strong>tauri,</strong></span> <span class='ocrx_word' id='word_1_217' title='bbox 1102 3165 1261 3248; x_wconf 91' lang='lat' dir='ltr'><strong>Phaesyla</strong></span> <span class='ocrx_word' id='word_1_218' title='bbox 1275 3166 1449 3234; x_wconf 89' lang='lat' dir='ltr'><strong>Ambrosia</strong></span> 
     </span>
     <span class='ocr_line' id='line_1_26' title="bbox 214 3277 1448 3361; baseline 0 -15"><span class='ocrx_word' id='word_1_219' title='bbox 214 3281 346 3347; x_wconf 79' lang='lat' dir='ltr'><strong>Coronis</strong></span> <span class='ocrx_word' id='word_1_220' title='bbox 361 3280 491 3345; x_wconf 84' lang='lat' dir='ltr'><strong>Eudora</strong></span> <span class='ocrx_word' id='word_1_221' title='bbox 505 3279 641 3361; x_wconf 86' lang='lat' dir='ltr'><strong>Polyxo:</strong></span> <span class='ocrx_word' id='word_1_222' title='bbox 664 3296 745 3360; x_wconf 90' lang='lat' dir='ltr'><strong>quae</strong></span> <span class='ocrx_word' id='word_1_223' title='bbox 768 3296 789 3343; x_wconf 92' lang='lat' dir='ltr'><strong>a</strong></span> <span class='ocrx_word' id='word_1_224' title='bbox 809 3277 918 3344; x_wconf 82' lang='lat' dir='ltr'><strong>fratris</strong></span> <span class='ocrx_word' id='word_1_225' title='bbox 934 3277 1060 3343; x_wconf 92' lang='lat' dir='ltr'><strong>nomine</strong></span> <span class='ocrx_word' id='word_1_226' title='bbox 1078 3277 1282 3359; x_wconf 91' lang='lat' dir='ltr'><strong>appellantur</strong></span> <span class='ocrx_word' id='word_1_227' title='bbox 1296 3279 1448 3361; x_wconf 88' lang='lat' dir='ltr'><strong>Hyades;</strong></span> 
     </span>
     <span class='ocr_line' id='line_1_27' title="bbox 214 3389 1449 3471; baseline 0 -14"><span class='ocrx_word' id='word_1_228' title='bbox 214 3393 344 3457; x_wconf 92' lang='lat' dir='ltr'><strong>easdem</strong></span> <span class='ocrx_word' id='word_1_229' title='bbox 365 3390 464 3457; x_wconf 92' lang='lat' dir='ltr'><strong>latine</strong></span> <span class='ocrx_word' id='word_1_230' title='bbox 486 3391 621 3457; x_wconf 87' lang='lat' dir='ltr'><strong>Suculas</strong></span> <span class='ocrx_word' id='word_1_231' title='bbox 650 3393 772 3455; x_wconf 88' lang='lat' dir='ltr'><strong>vocant.</strong></span> <span class='ocrx_word' id='word_1_232' title='bbox 802 3390 931 3471; x_wconf 88' lang='lat' dir='ltr'><strong>quidam</strong></span> <span class='ocrx_word' id='word_1_233' title='bbox 960 3389 1051 3454; x_wconf 89' lang='lat' dir='ltr'><strong>aiunt</strong></span> <span class='ocrx_word' id='word_1_234' title='bbox 1079 3389 1111 3453; x_wconf 94' lang='lat' dir='ltr'><strong>in</strong></span> <span class='ocrx_word' id='word_1_235' title='bbox 1133 3389 1262 3453; x_wconf 91' lang='lat' dir='ltr'><strong>modum</strong></span> <span class='ocrx_word' id='word_1_236' title='bbox 1282 3389 1311 3453; x_wconf 89' lang='lat' dir='ltr'>Y</span> <span class='ocrx_word' id='word_1_237' title='bbox 1331 3389 1449 3457; x_wconf 88' lang='lat' dir='ltr'><strong>literae</strong></span> 
     </span>
    </p>
   </div>
   <div class='ocr_carea' id='block_1_8' title="bbox 212 3557 1450 4473">
    <p class='ocr_par' dir='ltr' id='par_1_9' title="bbox 212 3557 1450 4188">
     <span class='ocr_line' id='line_1_28' title="bbox 282 3557 1449 3629; baseline -0.002 -15"><span class='ocrx_word' id='word_1_238' title='bbox 282 3570 297 3615; x_wconf 84' lang='lat'><strong>3</strong></span> <span class='ocrx_word' id='word_1_239' title='bbox 315 3567 454 3626; x_wconf 87' lang='lat' dir='ltr'><strong>migdonius</strong></span> <span class='ocrx_word' id='word_1_240' title='bbox 472 3566 493 3611; x_wconf 78' lang='lat' dir='ltr'><strong>F</strong></span> <span class='ocrx_word' id='word_1_241' title='bbox 517 3579 572 3612; x_wconf 87' lang='lat' dir='ltr'><strong>corr</strong></span> <span class='ocrx_word' id='word_1_242' title='bbox 590 3564 677 3612; x_wconf 85' lang='lat' dir='ltr'><strong>Comm</strong></span> <span class='ocrx_word' id='word_1_243' title='bbox 698 3559 708 3629; x_wconf 75' lang='lat' dir='ltr'>ss</span> <span class='ocrx_word' id='word_1_244' title='bbox 735 3564 834 3612; x_wconf 73' lang='grc' dir='ltr'><strong>(10001Ὶ</strong></span> <span class='ocrx_word' id='word_1_245' title='bbox 857 3578 912 3612; x_wconf 87' lang='lat' dir='ltr'><strong>corr</strong></span> <span class='ocrx_word' id='word_1_246' title='bbox 930 3562 978 3610; x_wconf 87' lang='lat' dir='ltr'><strong>Soh</strong></span> <span class='ocrx_word' id='word_1_247' title='bbox 996 3557 1006 3627; x_wconf 72' lang='lat' dir='ltr'><strong>{l</strong></span> <span class='ocrx_word' id='word_1_248' title='bbox 1027 3562 1111 3609; x_wconf 87' lang='lat' dir='ltr'><strong>timolo</strong></span> <span class='ocrx_word' id='word_1_249' title='bbox 1130 3561 1151 3608; x_wconf 82' lang='lat' dir='ltr'><strong>F</strong></span> <span class='ocrx_word' id='word_1_250' title='bbox 1174 3576 1229 3608; x_wconf 87' lang='lat' dir='ltr'><strong>corr</strong></span> <span class='ocrx_word' id='word_1_251' title='bbox 1246 3562 1289 3610; x_wconf 83' lang='lat' dir='ltr'><strong>Mu</strong></span> <span class='ocrx_word' id='word_1_252' title='bbox 1308 3557 1319 3629; x_wconf 73' lang='lat' dir='ltr'>ss</span> <span class='ocrx_word' id='word_1_253' title='bbox 1338 3564 1449 3613; x_wconf 82' lang='lat' dir='ltr'><strong>‘videtur</strong></span> 
     </span>
     <span class='ocr_line' id='line_1_29' title="bbox 213 3652 1449 3721; baseline -0.002 -13"><span class='ocrx_word' id='word_1_254' title='bbox 213 3660 326 3708; x_wconf 89' lang='lat' dir='ltr'><strong>nonnihil</strong></span> <span class='ocrx_word' id='word_1_255' title='bbox 344 3659 436 3709; x_wconf 87' lang='lat' dir='ltr'><strong>deesse’</strong></span> <span class='ocrx_word' id='word_1_256' title='bbox 450 3660 506 3706; x_wconf 87' lang='lat' dir='ltr'><strong>Mic.</strong></span> <span class='ocrx_word' id='word_1_257' title='bbox 524 3659 539 3705; x_wconf 94' lang='lat' dir='ltr'><strong>i.</strong></span> <span class='ocrx_word' id='word_1_258' title='bbox 558 3674 591 3706; x_wconf 91' lang='lat' dir='ltr'><strong>m.</strong></span> <span class='ocrx_word' id='word_1_259' title='bbox 611 3673 649 3705; x_wconf 88' lang='lat' dir='ltr'><strong>ern</strong></span> <span class='ocrx_word' id='word_1_260' title='bbox 668 3658 715 3706; x_wconf 85' lang='lat' dir='ltr'><strong>Sch</strong></span> <span class='ocrx_word' id='word_1_261' title='bbox 768 3661 784 3706; x_wconf 81' lang='lat'>4</span> <span class='ocrx_word' id='word_1_262' title='bbox 804 3658 850 3721; x_wconf 82' lang='lat' dir='ltr'><strong>[vel</strong></span> <span class='ocrx_word' id='word_1_263' title='bbox 866 3656 931 3703; x_wconf 82' lang='lat' dir='ltr'><strong>Pane</strong></span> <span class='ocrx_word' id='word_1_264' title='bbox 947 3656 1040 3718; x_wconf 74' lang='lat' dir='ltr'><strong>fistula]</strong></span> <span class='ocrx_word' id='word_1_265' title='bbox 1059 3657 1109 3704; x_wconf 88' lang='lat' dir='ltr'><strong>secl</strong></span> <span class='ocrx_word' id='word_1_266' title='bbox 1128 3654 1153 3705; x_wconf 80' lang='grc' dir='ltr'>Σ</span> <span class='ocrx_word' id='word_1_267' title='bbox 1172 3657 1227 3703; x_wconf 88' lang='grc'><strong>0011.</strong></span> <span class='ocrx_word' id='word_1_268' title='bbox 1248 3652 1322 3704; x_wconf 80' lang='lat' dir='ltr'><strong>ovid.</strong></span> <span class='ocrx_word' id='word_1_269' title='bbox 1335 3657 1397 3706; x_wconf 82' lang='lat' dir='ltr'><strong>Met.</strong></span> <span class='ocrx_word' id='word_1_270' title='bbox 1410 3659 1449 3706; x_wconf 86' lang='lat' dir='ltr'><strong>XI</strong></span> 
     </span>
     <span class='ocr_line' id='line_1_30' title="bbox 214 3747 1449 3815; baseline -0.001 -12"><span class='ocrx_word' id='word_1_271' title='bbox 214 3756 263 3804; x_wconf 78' lang='grc'><strong>146</strong></span> <span class='ocrx_word' id='word_1_272' title='bbox 282 3769 328 3815; x_wconf 87' lang='lat' dir='ltr'><strong>sqq</strong></span> <span class='ocrx_word' id='word_1_273' title='bbox 381 3754 551 3802; x_wconf 74' lang='lat' dir='ltr'><strong>stimoluss</strong></span> <span class='ocrx_word' id='word_1_274' title='bbox 603 3757 616 3802; x_wconf 86' lang='grc'><strong>7</strong></span> <span class='ocrx_word' id='word_1_275' title='bbox 636 3753 726 3800; x_wconf 85' lang='lat' dir='ltr'><strong>auditis</strong></span> <span class='ocrx_word' id='word_1_276' title='bbox 743 3754 764 3799; x_wconf 78' lang='lat' dir='ltr'>F</span> <span class='ocrx_word' id='word_1_277' title='bbox 782 3752 852 3799; x_wconf 79' lang='lat' dir='ltr'><strong>editis</strong></span> <span class='ocrx_word' id='word_1_278' title='bbox 871 3751 919 3799; x_wconf 81' lang='lat' dir='ltr'><strong>Seh</strong></span> <span class='ocrx_word' id='word_1_279' title='bbox 937 3750 998 3797; x_wconf 82' lang='lat' dir='ltr'><strong>diris</strong></span> <span class='ocrx_word' id='word_1_280' title='bbox 1016 3747 1115 3800; x_wconf 72' lang='lat' dir='ltr'><strong>coni2</strong></span> <span class='ocrx_word' id='word_1_281' title='bbox 1170 3753 1184 3799; x_wconf 83' lang='lat'><strong>9</strong></span> <span class='ocrx_word' id='word_1_282' title='bbox 1204 3755 1332 3812; x_wconf 87' lang='lat' dir='ltr'><strong>exceptum</strong></span> <span class='ocrx_word' id='word_1_283' title='bbox 1350 3752 1449 3802; x_wconf 77' lang='lat' dir='ltr'><strong>Peon·</strong></span> 
     </span>
     <span class='ocr_line' id='line_1_31' title="bbox 212 3843 1450 3913; baseline -0.002 -16"><span class='ocrx_word' id='word_1_284' title='bbox 212 3851 275 3897; x_wconf 90' lang='lat' dir='ltr'><strong>Iuda</strong></span> <span class='ocrx_word' id='word_1_285' title='bbox 292 3848 413 3896; x_wconf 88' lang='lat' dir='ltr'><strong>Bonutius</strong></span> <span class='ocrx_word' id='word_1_286' title='bbox 431 3845 441 3913; x_wconf 74' lang='lat' dir='ltr'><strong>ll</strong></span> <span class='ocrx_word' id='word_1_287' title='bbox 462 3848 593 3895; x_wconf 86' lang='lat' dir='ltr'><strong>exercitum</strong></span> <span class='ocrx_word' id='word_1_288' title='bbox 612 3847 633 3892; x_wconf 79' lang='lat' dir='ltr'><strong>H</strong></span> <span class='ocrx_word' id='word_1_289' title='bbox 651 3861 705 3893; x_wconf 91' lang='lat' dir='ltr'><strong>corr</strong></span> <span class='ocrx_word' id='word_1_290' title='bbox 722 3847 784 3893; x_wconf 87' lang='lat' dir='ltr'><strong>Inda</strong></span> <span class='ocrx_word' id='word_1_291' title='bbox 801 3846 922 3892; x_wconf 87' lang='lat' dir='ltr'><strong>Bonutius</strong></span> <span class='ocrx_word' id='word_1_292' title='bbox 940 3846 1017 3892; x_wconf 81' lang='lat' dir='ltr'><strong>Barth</strong></span> <span class='ocrx_word' id='word_1_293' title='bbox 1035 3844 1133 3892; x_wconf 86' lang='lat' dir='ltr'><strong>advers.</strong></span> <span class='ocrx_word' id='word_1_294' title='bbox 1151 3844 1176 3890; x_wconf 87' lang='lat' dir='ltr'>X</span> <span class='ocrx_word' id='word_1_295' title='bbox 1194 3846 1227 3894; x_wconf 76' lang='grc'><strong>20</strong></span> <span class='ocrx_word' id='word_1_296' title='bbox 1274 3845 1306 3892; x_wconf 90' lang='grc'><strong>10</strong></span> <span class='ocrx_word' id='word_1_297' title='bbox 1325 3843 1362 3912; x_wconf 72' lang='lat' dir='ltr'><strong>leil</strong></span> <span class='ocrx_word' id='word_1_298' title='bbox 1382 3846 1450 3895; x_wconf 65' lang='lat' dir='ltr'><strong>dedit</strong></span> 
     </span>
     <span class='ocr_line' id='line_1_32' title="bbox 213 3937 1448 4011; baseline 0 -21"><span class='ocrx_word' id='word_1_299' title='bbox 213 3943 261 3991; x_wconf 85' lang='lat' dir='ltr'><strong>Seh</strong></span> <span class='ocrx_word' id='word_1_300' title='bbox 281 3943 329 3991; x_wconf 89' lang='lat' dir='ltr'><strong>nisi</strong></span> <span class='ocrx_word' id='word_1_301' title='bbox 353 3942 425 3990; x_wconf 89' lang='lat' dir='ltr'><strong>malis</strong></span> <span class='ocrx_word' id='word_1_302' title='bbox 448 3941 514 4000; x_wconf 77' lang='lat' dir='ltr'><strong>eique</strong></span> <span class='ocrx_word' id='word_1_303' title='bbox 537 3955 582 4001; x_wconf 91' lang='lat' dir='ltr'><strong>pro</strong></span> <span class='ocrx_word' id='word_1_304' title='bbox 601 3940 688 4000; x_wconf 80' lang='lat' dir='ltr'><strong>‘atquc&#39;</strong></span> <span class='ocrx_word' id='word_1_305' title='bbox 750 3943 780 3987; x_wconf 93' lang='lat'><strong>11</strong></span> <span class='ocrx_word' id='word_1_306' title='bbox 800 3938 939 4011; x_wconf 71' lang='lat' dir='ltr'><strong>reduceret?</strong></span> <span class='ocrx_word' id='word_1_307' title='bbox 999 3943 1029 3987; x_wconf 76' lang='lat'><strong>12</strong></span> <span class='ocrx_word' id='word_1_308' title='bbox 1048 3938 1149 3999; x_wconf 89' lang='lat' dir='ltr'><strong>optandi</strong></span> <span class='ocrx_word' id='word_1_309' title='bbox 1168 3937 1243 3985; x_wconf 83' lang='lat' dir='ltr'><strong>Ovid.</strong></span> <span class='ocrx_word' id='word_1_310' title='bbox 1261 3938 1319 3986; x_wconf 83' lang='lat' dir='ltr'><strong>Met.</strong></span> <span class='ocrx_word' id='word_1_311' title='bbox 1337 3939 1378 3988; x_wconf 87' lang='lat' dir='ltr'><strong>XI</strong></span> <span class='ocrx_word' id='word_1_312' title='bbox 1397 3943 1448 3990; x_wconf 91' lang='grc'><strong>100</strong></span> 
     </span>
     <span class='ocr_line' id='line_1_33' title="bbox 213 4032 1447 4104; baseline 0 -20"><span class='ocrx_word' id='word_1_313' title='bbox 213 4035 268 4104; x_wconf 70' lang='grc'><strong>11101</strong></span> <span class='ocrx_word' id='word_1_314' title='bbox 287 4038 336 4084; x_wconf 91' lang='lat' dir='ltr'><strong>add</strong></span> <span class='ocrx_word' id='word_1_315' title='bbox 355 4037 483 4097; x_wconf 85' lang='lat' dir='ltr'><strong>Wopkens</strong></span> <span class='ocrx_word' id='word_1_316' title='bbox 536 4037 567 4083; x_wconf 83' lang='lat'><strong>15</strong></span> <span class='ocrx_word' id='word_1_317' title='bbox 586 4034 757 4094; x_wconf 77' lang='lat' dir='ltr'><strong>spetiosumil</strong></span> <span class='ocrx_word' id='word_1_318' title='bbox 782 4049 836 4080; x_wconf 90' lang='lat' dir='ltr'><strong>corr</strong></span> <span class='ocrx_word' id='word_1_319' title='bbox 861 4032 959 4092; x_wconf 81' lang='lat' dir='ltr'><strong>Gomm3</strong></span> <span class='ocrx_word' id='word_1_320' title='bbox 985 4034 1144 4094; x_wconf 83' lang='lat' dir='ltr'><strong>speciosoque</strong></span> <span class='ocrx_word' id='word_1_321' title='bbox 1169 4032 1236 4093; x_wconf 88' lang='lat' dir='ltr'><strong>eripe</strong></span> <span class='ocrx_word' id='word_1_322' title='bbox 1259 4032 1349 4080; x_wconf 85' lang='lat' dir='ltr'><strong>damno</strong></span> <span class='ocrx_word' id='word_1_323' title='bbox 1370 4034 1447 4084; x_wconf 85' lang='lat' dir='ltr'><strong>Ovid.</strong></span> 
     </span>
     <span class='ocr_line' id='line_1_34' title="bbox 213 4128 841 4188; baseline -0.006 -9"><span class='ocrx_word' id='word_1_324' title='bbox 213 4133 271 4180; x_wconf 86' lang='lat' dir='ltr'><strong>Met.</strong></span> <span class='ocrx_word' id='word_1_325' title='bbox 290 4132 326 4178; x_wconf 86' lang='lat' dir='ltr'><strong>XI</strong></span> <span class='ocrx_word' id='word_1_326' title='bbox 345 4133 393 4178; x_wconf 84' lang='grc'><strong>103</strong></span> <span class='ocrx_word' id='word_1_327' title='bbox 448 4132 478 4177; x_wconf 82' lang='grc'><strong>17</strong></span> <span class='ocrx_word' id='word_1_328' title='bbox 497 4144 562 4188; x_wconf 77' lang='lat' dir='ltr'><strong>aqua</strong></span> <span class='ocrx_word' id='word_1_329' title='bbox 580 4129 671 4177; x_wconf 84' lang='lat' dir='ltr'><strong>frustra</strong></span> <span class='ocrx_word' id='word_1_330' title='bbox 688 4130 712 4174; x_wconf 84' lang='lat' dir='ltr'><strong>hl</strong></span> <span class='ocrx_word' id='word_1_331' title='bbox 725 4128 841 4176; x_wconf 87' lang='lat' dir='ltr'><strong>Heinsius</strong></span> 
     </span>
    </p>

    <p class='ocr_par' dir='ltr' id='par_1_10' title="bbox 214 4216 1448 4473">
     <span class='ocr_line' id='line_1_35' title="bbox 282 4216 1448 4285; baseline 0 -13"><span class='ocrx_word' id='word_1_332' title='bbox 282 4224 373 4272; x_wconf 81' lang='lat' dir='ltr'>CXCII</span> <span class='ocrx_word' id='word_1_333' title='bbox 390 4225 452 4285; x_wconf 89' lang='lat' dir='ltr'><strong>hyas</strong></span> <span class='ocrx_word' id='word_1_334' title='bbox 464 4224 484 4268; x_wconf 77' lang='lat' dir='ltr'>F</span> <span class='ocrx_word' id='word_1_335' title='bbox 496 4223 586 4282; x_wconf 75' lang='lat' dir='ltr'><strong>hyades</strong></span> <span class='ocrx_word' id='word_1_336' title='bbox 599 4224 691 4270; x_wconf 77' lang='lat' dir='ltr'><strong>trustra</strong></span> <span class='ocrx_word' id='word_1_337' title='bbox 703 4223 741 4268; x_wconf 90' lang='lat' dir='ltr'><strong>Bu</strong></span> <span class='ocrx_word' id='word_1_338' title='bbox 758 4221 839 4280; x_wconf 76' lang='lat' dir='ltr'><strong>hyalon</strong></span> <span class='ocrx_word' id='word_1_339' title='bbox 850 4222 911 4280; x_wconf 78' lang='lat' dir='ltr'><strong>hyac</strong></span> <span class='ocrx_word' id='word_1_340' title='bbox 923 4221 969 4268; x_wconf 83' lang='lat' dir='ltr'><strong>ulii</strong></span> <span class='ocrx_word' id='word_1_341' title='bbox 979 4222 1052 4268; x_wconf 82' lang='lat' dir='ltr'><strong>index</strong></span> <span class='ocrx_word' id='word_1_342' title='bbox 1099 4223 1129 4269; x_wconf 86' lang='grc'><strong>19</strong></span> <span class='ocrx_word' id='word_1_343' title='bbox 1150 4218 1186 4284; x_wconf 72' lang='lat' dir='ltr'><strong>lea</strong></span> <span class='ocrx_word' id='word_1_344' title='bbox 1196 4216 1298 4282; x_wconf 67' lang='lat' dir='ltr'><strong>Aethra}</strong></span> <span class='ocrx_word' id='word_1_345' title='bbox 1312 4221 1369 4269; x_wconf 82' lang='grc'><strong>1110.</strong></span> <span class='ocrx_word' id='word_1_346' title='bbox 1383 4222 1402 4270; x_wconf 88' lang='lat' dir='ltr'><strong>i.</strong></span> <span class='ocrx_word' id='word_1_347' title='bbox 1414 4240 1448 4272; x_wconf 90' lang='lat' dir='ltr'><strong>m.</strong></span> 
     </span>
     <span class='ocr_line' id='line_1_36' title="bbox 214 4313 1448 4377; baseline -0.002 -10"><span class='ocrx_word' id='word_1_348' title='bbox 214 4321 263 4367; x_wconf 80' lang='lat' dir='ltr'><strong>coll</strong></span> <span class='ocrx_word' id='word_1_349' title='bbox 281 4320 381 4366; x_wconf 87' lang='lat' dir='ltr'><strong>Timaeo</strong></span> <span class='ocrx_word' id='word_1_350' title='bbox 399 4333 439 4377; x_wconf 86' lang='lat' dir='ltr'><strong>ap.</strong></span> <span class='ocrx_word' id='word_1_351' title='bbox 458 4317 535 4364; x_wconf 85' lang='lat' dir='ltr'><strong>schol.</strong></span> <span class='ocrx_word' id='word_1_352' title='bbox 554 4318 619 4364; x_wconf 89' lang='lat' dir='ltr'><strong>Hom</strong></span> <span class='ocrx_word' id='word_1_353' title='bbox 637 4317 660 4363; x_wconf 95' lang='lat' dir='ltr'><strong>Il</strong></span> <span class='ocrx_word' id='word_1_354' title='bbox 678 4314 704 4364; x_wconf 80' lang='grc' dir='ltr'><strong>Σ</strong></span> <span class='ocrx_word' id='word_1_355' title='bbox 721 4318 771 4365; x_wconf 79' lang='grc'><strong>486</strong></span> <span class='ocrx_word' id='word_1_356' title='bbox 790 4321 814 4363; x_wconf 86' lang='lat' dir='ltr'><strong>et</strong></span> <span class='ocrx_word' id='word_1_357' title='bbox 831 4317 908 4364; x_wconf 88' lang='lat' dir='ltr'><strong>schol.</strong></span> <span class='ocrx_word' id='word_1_358' title='bbox 933 4315 960 4362; x_wconf 92' lang='lat' dir='ltr'><strong>in</strong></span> <span class='ocrx_word' id='word_1_359' title='bbox 978 4316 1048 4363; x_wconf 84' lang='lat' dir='ltr'><strong>Caes.</strong></span> <span class='ocrx_word' id='word_1_360' title='bbox 1068 4313 1184 4362; x_wconf 82' lang='lat' dir='ltr'><strong>German.</strong></span> <span class='ocrx_word' id='word_1_361' title='bbox 1201 4315 1271 4361; x_wconf 84' lang='lat' dir='ltr'><strong>Aret.</strong></span> <span class='ocrx_word' id='word_1_362' title='bbox 1288 4328 1314 4374; x_wconf 89' lang='lat' dir='ltr'><strong>p.</strong></span> <span class='ocrx_word' id='word_1_363' title='bbox 1328 4316 1396 4376; x_wconf 84' lang='grc'><strong>306,</strong></span> <span class='ocrx_word' id='word_1_364' title='bbox 1414 4321 1448 4369; x_wconf 78' lang='lat'><strong>20</strong></span> 
     </span>
     <span class='ocr_line' id='line_1_37' title="bbox 214 4407 1448 4473; baseline -0.002 -12"><span class='ocrx_word' id='word_1_365' title='bbox 214 4415 257 4462; x_wconf 88' lang='lat' dir='ltr'><strong>ubi</strong></span> <span class='ocrx_word' id='word_1_366' title='bbox 276 4427 320 4473; x_wconf 86' lang='lat' dir='ltr'><strong>pro</strong></span> <span class='ocrx_word' id='word_1_367' title='bbox 338 4412 408 4460; x_wconf 85' lang='lat' dir='ltr'><strong>‘haec</strong></span> <span class='ocrx_word' id='word_1_368' title='bbox 425 4411 488 4458; x_wconf 82' lang='lat' dir='ltr'><strong>Thia</strong></span> <span class='ocrx_word' id='word_1_369' title='bbox 505 4424 534 4458; x_wconf 86' lang='lat' dir='ltr'><strong>ex</strong></span> <span class='ocrx_word' id='word_1_370' title='bbox 547 4409 654 4458; x_wconf 82' lang='lat' dir='ltr'><strong>Oceano’</strong></span> <span class='ocrx_word' id='word_1_371' title='bbox 672 4410 844 4471; x_wconf 84' lang='lat' dir='ltr'><strong>corrigendum</strong></span> <span class='ocrx_word' id='word_1_372' title='bbox 862 4425 891 4456; x_wconf 78' lang='lat' dir='ltr'><strong>ea</strong></span> <span class='ocrx_word' id='word_1_373' title='bbox 908 4407 1002 4456; x_wconf 81' lang='lat' dir='ltr'><strong>Aethra</strong></span> <span class='ocrx_word' id='word_1_374' title='bbox 1015 4409 1106 4456; x_wconf 78' lang='lat' dir='ltr'><strong>Oceani</strong></span> <span class='ocrx_word' id='word_1_375' title='bbox 1151 4411 1183 4457; x_wconf 77' lang='grc'><strong>11</strong></span> <span class='ocrx_word' id='word_1_376' title='bbox 1202 4409 1317 4468; x_wconf 67' lang='lat' dir='ltr'><strong>[imple</strong></span> <span class='ocrx_word' id='word_1_377' title='bbox 1333 4412 1410 4459; x_wconf 82' lang='lat' dir='ltr'><strong>malit</strong></span> <span class='ocrx_word' id='word_1_378' title='bbox 1422 4411 1448 4463; x_wconf 88' lang='grc' dir='ltr'><strong>Σ</strong></span> 
     </span>
    </p>
   </div>
   <div class='ocr_carea' id='block_1_9' title="bbox 0 0 1546 4950">
    <p class='ocr_par' dir='ltr' id='par_1_11' title="bbox 0 0 1546 4950">
     <span class='ocr_line' id='line_1_38' title="bbox 0 0 1546 4950; baseline 0 0"><span class='ocrx_word' id='word_1_379' title='bbox 0 0 1546 4950; x_wconf 95' lang='lat' dir='ltr'><strong> </strong></span> 
     </span>
    </p>
   </div>
  </div>
 </body>
</html>
