<?xml version="1.0" encoding="UTF-8"?>
<!DOCTYPE html PUBLIC "-//W3C//DTD XHTML 1.0 Transitional//EN"
    "http://www.w3.org/TR/xhtml1/DTD/xhtml1-transitional.dtd">
<html xmlns="http://www.w3.org/1999/xhtml" xml:lang="en" lang="en">
 <head>
  <title>
</title>
<meta http-equiv="Content-Type" content="text/html;charset=utf-8" />
  <meta name='ocr-system' content='tesseract 3.04.00' />
  <meta name='ocr-capabilities' content='ocr_page ocr_carea ocr_par ocr_line ocrx_word'/>
</head>
<body>
  <div class='ocr_page' id='page_1' title='image "./hyginifabulae00hygigoog_0159.png"; bbox 0 0 3082 4950; ppageno 0'>
   <div class='ocr_carea' id='block_1_1' title="bbox 804 230 846 297">
    <p class='ocr_par' dir='ltr' id='par_1_1' title="bbox 804 230 846 297">
     <span class='ocr_line' id='line_1_1' title="bbox 804 230 846 297; baseline 0.048 -2"><span class='ocrx_word' id='word_1_1' title='bbox 804 230 846 297; x_wconf 83' lang='lat'>98</span> 
     </span>
    </p>
   </div>
   <div class='ocr_carea' id='block_1_2' title="bbox 156 382 1496 1468">
    <p class='ocr_par' dir='ltr' id='par_1_2' title="bbox 156 382 1496 1468">
     <span class='ocr_line' id='line_1_2' title="bbox 210 382 1445 465; baseline 0.005 -18"><span class='ocrx_word' id='word_1_2' title='bbox 210 388 286 448; x_wconf 88' lang='lat' dir='ltr'>sunt</span> <span class='ocrx_word' id='word_1_3' title='bbox 300 382 423 449; x_wconf 84' lang='lat' dir='ltr'>collecti</span> <span class='ocrx_word' id='word_1_4' title='bbox 438 383 604 448; x_wconf 80' lang='lat' dir='ltr'>Menelaus</span> <span class='ocrx_word' id='word_1_5' title='bbox 621 383 754 465; x_wconf 88' lang='lat' dir='ltr'>Ulysses</span> <span class='ocrx_word' id='word_1_6' title='bbox 770 384 941 450; x_wconf 85' lang='lat' dir='ltr'>Diomedes</span> <span class='ocrx_word' id='word_1_7' title='bbox 958 384 1163 451; x_wconf 89' lang='lat' dir='ltr'>Thessander</span> <span class='ocrx_word' id='word_1_8' title='bbox 1178 385 1352 452; x_wconf 86' lang='lat' dir='ltr'>Sthenelus</span> <span class='ocrx_word' id='word_1_9' title='bbox 1366 387 1445 453; x_wconf 88' lang='lat' dir='ltr'>Aca-</span> 
     </span>
     <span class='ocr_line' id='line_1_3' title="bbox 209 494 1446 579; baseline 0.004 -20"><span class='ocrx_word' id='word_1_10' title='bbox 209 513 278 560; x_wconf 90' lang='lat' dir='ltr'>mas</span> <span class='ocrx_word' id='word_1_11' title='bbox 301 495 408 559; x_wconf 88' lang='lat' dir='ltr'>Thoas</span> <span class='ocrx_word' id='word_1_12' title='bbox 430 494 586 559; x_wconf 82' lang='lat' dir='ltr'>Machaon</span> <span class='ocrx_word' id='word_1_13' title='bbox 609 495 853 577; x_wconf 90' lang='lat' dir='ltr'>Neoptolemus;</span> <span class='ocrx_word' id='word_1_14' title='bbox 886 501 919 560; x_wconf 87' lang='lat' dir='ltr'>et</span> <span class='ocrx_word' id='word_1_15' title='bbox 945 496 977 561; x_wconf 89' lang='lat' dir='ltr'>in</span> <span class='ocrx_word' id='word_1_16' title='bbox 1006 515 1086 577; x_wconf 88' lang='lat' dir='ltr'>equo</span> <span class='ocrx_word' id='word_1_17' title='bbox 1115 497 1315 579; x_wconf 91' lang='lat' dir='ltr'>scripserunt</span> <span class='ocrx_word' id='word_1_18' title='bbox 1335 517 1446 564; x_wconf 76' lang='lat' dir='ltr'>naum</span> 
     </span>
     <span class='ocr_line' id='line_1_4' title="bbox 208 607 1445 688; baseline 0.002 -15"><span class='ocrx_word' id='word_1_19' title='bbox 208 625 386 673; x_wconf 78' lang='lat' dir='ltr'>umnaonn</span> <span class='ocrx_word' id='word_1_20' title='bbox 408 622 500 671; x_wconf 80' lang='lat' dir='ltr'>nono</span> <span class='ocrx_word' id='word_1_21' title='bbox 515 624 609 670; x_wconf 73' lang='lat' dir='ltr'>narr</span> <span class='ocrx_word' id='word_1_22' title='bbox 634 613 804 688; x_wconf 90' lang='lat' dir='ltr'>castraque</span> <span class='ocrx_word' id='word_1_23' title='bbox 823 607 1057 672; x_wconf 89' lang='lat' dir='ltr'>transtulerunt</span> <span class='ocrx_word' id='word_1_24' title='bbox 1072 608 1208 673; x_wconf 89' lang='lat' dir='ltr'>Tenedo.</span> <span class='ocrx_word' id='word_1_25' title='bbox 1253 609 1292 673; x_wconf 93' lang='lat' dir='ltr'>Id</span> <span class='ocrx_word' id='word_1_26' title='bbox 1315 609 1445 676; x_wconf 85' lang='lat' dir='ltr'>Troiani</span> 
     </span>
     <span class='ocr_line' id='line_1_5' title="bbox 210 717 1444 801; baseline 0.002 -17"><span class='ocrx_word' id='word_1_27' title='bbox 210 737 279 784; x_wconf 93' lang='lat' dir='ltr'>cum</span> <span class='ocrx_word' id='word_1_28' title='bbox 296 718 443 783; x_wconf 89' lang='lat' dir='ltr'>viderunt</span> <span class='ocrx_word' id='word_1_29' title='bbox 457 717 602 782; x_wconf 90' lang='lat' dir='ltr'>arbitrati</span> <span class='ocrx_word' id='word_1_30' title='bbox 618 723 694 782; x_wconf 91' lang='lat' dir='ltr'>sunt</span> <span class='ocrx_word' id='word_1_31' title='bbox 709 717 818 782; x_wconf 92' lang='lat' dir='ltr'>hostes</span> <span class='ocrx_word' id='word_1_32' title='bbox 836 719 950 785; x_wconf 89' lang='lat' dir='ltr'>abisse.</span> <span class='ocrx_word' id='word_1_33' title='bbox 993 719 1139 785; x_wconf 85' lang='lat' dir='ltr'>Priamus</span> <span class='ocrx_word' id='word_1_34' title='bbox 1155 738 1270 801; x_wconf 88' lang='lat' dir='ltr'>equum</span> <span class='ocrx_word' id='word_1_35' title='bbox 1288 721 1321 785; x_wconf 89' lang='lat' dir='ltr'>in</span> <span class='ocrx_word' id='word_1_36' title='bbox 1338 740 1444 787; x_wconf 89' lang='lat' dir='ltr'>arcem</span> 
     </span>
     <span class='ocr_line' id='line_1_6' title="bbox 180 812 1444 913; baseline -0.003 -13"><span class='ocrx_word' id='word_1_37' title='bbox 180 812 373 901; x_wconf 77' lang='lat' dir='ltr'>5Minervae</span> <span class='ocrx_word' id='word_1_38' title='bbox 394 829 467 895; x_wconf 90' lang='lat' dir='ltr'>duci</span> <span class='ocrx_word' id='word_1_39' title='bbox 488 829 669 910; x_wconf 83' lang='lat' dir='ltr'>imperavit,</span> <span class='ocrx_word' id='word_1_40' title='bbox 699 829 868 911; x_wconf 87' lang='lat' dir='ltr'>feriatique</span> <span class='ocrx_word' id='word_1_41' title='bbox 889 850 1004 912; x_wconf 81' lang='lat' dir='ltr'>magno</span> <span class='ocrx_word' id='word_1_42' title='bbox 1027 849 1124 913; x_wconf 90' lang='lat' dir='ltr'>opere</span> <span class='ocrx_word' id='word_1_43' title='bbox 1145 837 1181 896; x_wconf 93' lang='lat' dir='ltr'>ut</span> <span class='ocrx_word' id='word_1_44' title='bbox 1202 838 1313 896; x_wconf 87' lang='lat' dir='ltr'>essent</span> <span class='ocrx_word' id='word_1_45' title='bbox 1336 832 1444 896; x_wconf 86' lang='lat' dir='ltr'>edixit</span> 
     </span>
     <span class='ocr_line' id='line_1_7' title="bbox 209 939 1496 1022; baseline 0.002 -16"><span class='ocrx_word' id='word_1_46' title='bbox 209 942 242 1006; x_wconf 91' lang='lat' dir='ltr'>id</span> <span class='ocrx_word' id='word_1_47' title='bbox 264 946 355 1006; x_wconf 86' lang='lat' dir='ltr'>vates</span> <span class='ocrx_word' id='word_1_48' title='bbox 372 939 555 1006; x_wconf 81' lang='lat' dir='ltr'>Cassandra</span> <span class='ocrx_word' id='word_1_49' title='bbox 577 959 647 1005; x_wconf 91' lang='lat' dir='ltr'>cum</span> <span class='ocrx_word' id='word_1_50' title='bbox 669 939 899 1007; x_wconf 85' lang='lat' dir='ltr'>vociferaretur</span> <span class='ocrx_word' id='word_1_51' title='bbox 912 945 1018 1007; x_wconf 89' lang='lat' dir='ltr'>inesse</span> <span class='ocrx_word' id='word_1_52' title='bbox 1040 942 1160 1022; x_wconf 91' lang='lat' dir='ltr'>hostes,</span> <span class='ocrx_word' id='word_1_53' title='bbox 1181 941 1263 1007; x_wconf 89' lang='lat' dir='ltr'>fides</span> <span class='ocrx_word' id='word_1_54' title='bbox 1287 942 1318 1007; x_wconf 91' lang='lat' dir='ltr'>ei</span> <span class='ocrx_word' id='word_1_55' title='bbox 1332 943 1445 1009; x_wconf 90' lang='lat' dir='ltr'>habita</span> <span class='ocrx_word' id='word_1_56' title='bbox 1493 992 1496 1001; x_wconf 88' lang='lat'>.</span> 
     </span>
     <span class='ocr_line' id='line_1_8' title="bbox 207 1053 1444 1138; baseline 0.003 -20"><span class='ocrx_word' id='word_1_57' title='bbox 207 1072 270 1118; x_wconf 90' lang='lat' dir='ltr'>non</span> <span class='ocrx_word' id='word_1_58' title='bbox 293 1059 352 1118; x_wconf 91' lang='lat' dir='ltr'>est.</span> <span class='ocrx_word' id='word_1_59' title='bbox 396 1053 496 1131; x_wconf 80' lang='lat' dir='ltr'>Quem</span> <span class='ocrx_word' id='word_1_60' title='bbox 518 1053 550 1117; x_wconf 92' lang='lat' dir='ltr'>in</span> <span class='ocrx_word' id='word_1_61' title='bbox 567 1070 670 1117; x_wconf 87' lang='lat' dir='ltr'>arcem</span> <span class='ocrx_word' id='word_1_62' title='bbox 694 1069 765 1116; x_wconf 92' lang='lat' dir='ltr'>cum</span> <span class='ocrx_word' id='word_1_63' title='bbox 787 1053 977 1119; x_wconf 80' lang='lat' dir='ltr'>statuissent</span> <span class='ocrx_word' id='word_1_64' title='bbox 999 1059 1031 1118; x_wconf 90' lang='lat' dir='ltr'>et</span> <span class='ocrx_word' id='word_1_65' title='bbox 1052 1053 1113 1136; x_wconf 91' lang='lat' dir='ltr'>ipsi</span> <span class='ocrx_word' id='word_1_66' title='bbox 1135 1061 1231 1119; x_wconf 90' lang='lat' dir='ltr'>noctu</span> <span class='ocrx_word' id='word_1_67' title='bbox 1246 1055 1320 1120; x_wconf 90' lang='lat' dir='ltr'>lusu</span> <span class='ocrx_word' id='word_1_68' title='bbox 1344 1062 1444 1138; x_wconf 87' lang='lat' dir='ltr'>atque</span> 
     </span>
     <span class='ocr_line' id='line_1_9' title="bbox 206 1162 1444 1246; baseline 0.002 -18"><span class='ocrx_word' id='word_1_69' title='bbox 206 1164 279 1228; x_wconf 89' lang='lat' dir='ltr'>vino</span> <span class='ocrx_word' id='word_1_70' title='bbox 296 1165 376 1229; x_wconf 91' lang='lat' dir='ltr'>lassi</span> <span class='ocrx_word' id='word_1_71' title='bbox 391 1165 635 1243; x_wconf 85' lang='lat' dir='ltr'>obdormissent,</span> <span class='ocrx_word' id='word_1_72' title='bbox 656 1162 769 1227; x_wconf 88' lang='lat' dir='ltr'>Achivi</span> <span class='ocrx_word' id='word_1_73' title='bbox 785 1182 822 1227; x_wconf 84' lang='lat' dir='ltr'>ex</span> <span class='ocrx_word' id='word_1_74' title='bbox 839 1183 919 1246; x_wconf 89' lang='lat' dir='ltr'>equo</span> <span class='ocrx_word' id='word_1_75' title='bbox 943 1170 1054 1246; x_wconf 88' lang='lat' dir='ltr'>aperto</span> <span class='ocrx_word' id='word_1_76' title='bbox 1077 1182 1097 1229; x_wconf 91' lang='lat' dir='ltr'>a</span> <span class='ocrx_word' id='word_1_77' title='bbox 1113 1165 1229 1229; x_wconf 85' lang='lat' dir='ltr'>Sinone</span> <span class='ocrx_word' id='word_1_78' title='bbox 1246 1166 1396 1232; x_wconf 83' lang='lat' dir='ltr'>exierunt</span> <span class='ocrx_word' id='word_1_79' title='bbox 1411 1171 1444 1233; x_wconf 89' lang='lat' dir='ltr'>et</span> 
     </span>
     <span class='ocr_line' id='line_1_10' title="bbox 205 1275 1444 1358; baseline 0.002 -17"><span class='ocrx_word' id='word_1_80' title='bbox 205 1279 368 1357; x_wconf 89' lang='lat' dir='ltr'>portarum</span> <span class='ocrx_word' id='word_1_81' title='bbox 391 1277 539 1341; x_wconf 89' lang='lat' dir='ltr'>custodes</span> <span class='ocrx_word' id='word_1_82' title='bbox 563 1275 761 1355; x_wconf 89' lang='lat' dir='ltr'>occiderunt,</span> <span class='ocrx_word' id='word_1_83' title='bbox 792 1275 957 1357; x_wconf 89' lang='lat' dir='ltr'>sociosque</span> <span class='ocrx_word' id='word_1_84' title='bbox 981 1276 1072 1357; x_wconf 84' lang='lat' dir='ltr'>signo</span> <span class='ocrx_word' id='word_1_85' title='bbox 1096 1278 1172 1342; x_wconf 93' lang='lat' dir='ltr'>dato</span> <span class='ocrx_word' id='word_1_86' title='bbox 1194 1286 1389 1358; x_wconf 87' lang='lat' dir='ltr'>receperunt</span> <span class='ocrx_word' id='word_1_87' title='bbox 1412 1284 1444 1344; x_wconf 91' lang='lat' dir='ltr'>et</span> 
     </span>
     <span class='ocr_line' id='line_1_11' title="bbox 156 1386 522 1468; baseline -0.005 -15"><span class='ocrx_word' id='word_1_88' title='bbox 156 1389 197 1453; x_wconf 89' lang='lat'>10</span> <span class='ocrx_word' id='word_1_89' title='bbox 205 1386 301 1451; x_wconf 83' lang='lat' dir='ltr'>lhoia</span> <span class='ocrx_word' id='word_1_90' title='bbox 323 1391 398 1451; x_wconf 91' lang='lat' dir='ltr'>sunt</span> <span class='ocrx_word' id='word_1_91' title='bbox 418 1386 522 1468; x_wconf 86' lang='lat' dir='ltr'>potiti.</span> 
     </span>
    </p>
   </div>
   <div class='ocr_carea' id='block_1_3' title="bbox 698 1580 941 1647">
    <p class='ocr_par' dir='ltr' id='par_1_3' title="bbox 698 1580 941 1647">
     <span class='ocr_line' id='line_1_12' title="bbox 698 1580 941 1647; baseline 0 0"><span class='ocrx_word' id='word_1_92' title='bbox 698 1580 815 1647; x_wconf 82' lang='lat' dir='ltr'>OVllll</span> <span class='ocrx_word' id='word_1_93' title='bbox 836 1581 941 1647; x_wconf 87' lang='lat' dir='ltr'>Iliona</span> 
     </span>
    </p>
   </div>
   <div class='ocr_carea' id='block_1_4' title="bbox 149 1718 1441 3583">
    <p class='ocr_par' dir='ltr' id='par_1_4' title="bbox 203 1718 1441 2135">
     <span class='ocr_line' id='line_1_13' title="bbox 289 1718 1441 1802; baseline 0.004 -19"><span class='ocrx_word' id='word_1_94' title='bbox 289 1719 414 1784; x_wconf 86' lang='lat' dir='ltr'>Priamo</span> <span class='ocrx_word' id='word_1_95' title='bbox 437 1719 614 1802; x_wconf 84' lang='lat' dir='ltr'>Polydorus</span> <span class='ocrx_word' id='word_1_96' title='bbox 636 1718 721 1784; x_wconf 92' lang='lat' dir='ltr'>filius</span> <span class='ocrx_word' id='word_1_97' title='bbox 748 1737 787 1783; x_wconf 87' lang='lat' dir='ltr'>ex</span> <span class='ocrx_word' id='word_1_98' title='bbox 808 1718 942 1783; x_wconf 89' lang='lat' dir='ltr'>Hecuba</span> <span class='ocrx_word' id='word_1_99' title='bbox 964 1737 1034 1783; x_wconf 90' lang='lat' dir='ltr'>cum</span> <span class='ocrx_word' id='word_1_100' title='bbox 1064 1725 1151 1785; x_wconf 88' lang='lat' dir='ltr'>esset</span> <span class='ocrx_word' id='word_1_101' title='bbox 1173 1726 1287 1800; x_wconf 88' lang='lat' dir='ltr'>natus,</span> <span class='ocrx_word' id='word_1_102' title='bbox 1318 1722 1441 1788; x_wconf 86' lang='lat' dir='ltr'>Ilionae</span> 
     </span>
     <span class='ocr_line' id='line_1_14' title="bbox 203 1828 1441 1917; baseline 0.005 -23"><span class='ocrx_word' id='word_1_103' title='bbox 203 1828 288 1895; x_wconf 90' lang='lat' dir='ltr'>filiae</span> <span class='ocrx_word' id='word_1_104' title='bbox 318 1849 396 1895; x_wconf 90' lang='lat' dir='ltr'>suae</span> <span class='ocrx_word' id='word_1_105' title='bbox 427 1831 585 1895; x_wconf 89' lang='lat' dir='ltr'>dederunt</span> <span class='ocrx_word' id='word_1_106' title='bbox 618 1849 689 1894; x_wconf 90' lang='lat' dir='ltr'>eum</span> <span class='ocrx_word' id='word_1_107' title='bbox 720 1830 936 1909; x_wconf 87' lang='lat' dir='ltr'>educandum,</span> <span class='ocrx_word' id='word_1_108' title='bbox 962 1848 1052 1911; x_wconf 73' lang='lat' dir='ltr'>uuae</span> <span class='ocrx_word' id='word_1_109' title='bbox 1083 1830 1343 1912; x_wconf 76' lang='lat' dir='ltr'>Polymlnlestori</span> <span class='ocrx_word' id='word_1_110' title='bbox 1373 1835 1441 1917; x_wconf 83' lang='lat' dir='ltr'>regi</span> 
     </span>
     <span class='ocr_line' id='line_1_15' title="bbox 203 1940 1441 2028; baseline 0.004 -23"><span class='ocrx_word' id='word_1_111' title='bbox 203 1941 360 2006; x_wconf 88' lang='lat' dir='ltr'>Thracum</span> <span class='ocrx_word' id='word_1_112' title='bbox 382 1948 452 2006; x_wconf 87' lang='lat' dir='ltr'>erat</span> <span class='ocrx_word' id='word_1_113' title='bbox 473 1947 582 2023; x_wconf 83' lang='lat' dir='ltr'>nupta.</span> <span class='ocrx_word' id='word_1_114' title='bbox 626 1941 726 2019; x_wconf 80' lang='lat' dir='ltr'>Quem</span> <span class='ocrx_word' id='word_1_115' title='bbox 747 1940 803 2005; x_wconf 91' lang='lat' dir='ltr'>illa</span> <span class='ocrx_word' id='word_1_116' title='bbox 824 1960 883 2023; x_wconf 93' lang='lat' dir='ltr'>pro</span> <span class='ocrx_word' id='word_1_117' title='bbox 904 1940 970 2005; x_wconf 90' lang='lat' dir='ltr'>filio</span> <span class='ocrx_word' id='word_1_118' title='bbox 993 1959 1051 2006; x_wconf 92' lang='lat' dir='ltr'>suo</span> <span class='ocrx_word' id='word_1_119' title='bbox 1074 1943 1236 2023; x_wconf 88' lang='lat' dir='ltr'>educavit,</span> <span class='ocrx_word' id='word_1_120' title='bbox 1266 1944 1441 2028; x_wconf 90' lang='lat' dir='ltr'>Deipylum</span> 
     </span>
     <span class='ocr_line' id='line_1_16' title="bbox 203 2052 1440 2135; baseline 0.004 -17"><span class='ocrx_word' id='word_1_121' title='bbox 203 2057 325 2133; x_wconf 81' lang='lat' dir='ltr'>autem,</span> <span class='ocrx_word' id='word_1_122' title='bbox 355 2072 447 2134; x_wconf 90' lang='lat' dir='ltr'>quem</span> <span class='ocrx_word' id='word_1_123' title='bbox 477 2071 515 2116; x_wconf 81' lang='lat' dir='ltr'>ex</span> <span class='ocrx_word' id='word_1_124' title='bbox 536 2052 800 2134; x_wconf 87' lang='lat' dir='ltr'>Polym[n]estore</span> <span class='ocrx_word' id='word_1_125' title='bbox 815 2059 1056 2134; x_wconf 85' lang='lat' dir='ltr'>procreaverat,</span> <span class='ocrx_word' id='word_1_126' title='bbox 1077 2071 1136 2135; x_wconf 93' lang='lat' dir='ltr'>pro</span> <span class='ocrx_word' id='word_1_127' title='bbox 1157 2053 1257 2121; x_wconf 88' lang='lat' dir='ltr'>fratre</span> <span class='ocrx_word' id='word_1_128' title='bbox 1279 2075 1339 2121; x_wconf 92' lang='lat' dir='ltr'>suo</span> <span class='ocrx_word' id='word_1_129' title='bbox 1364 2059 1440 2123; x_wconf 91' lang='lat' dir='ltr'>edu·</span> 
     </span>
    </p>

    <p class='ocr_par' dir='ltr' id='par_1_5' title="bbox 149 2163 1441 3583">
     <span class='ocr_line' id='line_1_17' title="bbox 154 2163 1441 2246; baseline 0.003 -16"><span class='ocrx_word' id='word_1_130' title='bbox 154 2164 301 2246; x_wconf 71' lang='lat' dir='ltr'>limavit,</span> <span class='ocrx_word' id='word_1_131' title='bbox 323 2170 374 2245; x_wconf 85' lang='lat' dir='ltr'>ut,</span> <span class='ocrx_word' id='word_1_132' title='bbox 395 2165 421 2229; x_wconf 88' lang='lat' dir='ltr'>si</span> <span class='ocrx_word' id='word_1_133' title='bbox 445 2164 539 2228; x_wconf 87' lang='lat' dir='ltr'>alteri</span> <span class='ocrx_word' id='word_1_134' title='bbox 560 2181 668 2228; x_wconf 89' lang='lat' dir='ltr'>eorum</span> <span class='ocrx_word' id='word_1_135' title='bbox 691 2163 767 2244; x_wconf 90' lang='lat' dir='ltr'>quid</span> <span class='ocrx_word' id='word_1_136' title='bbox 788 2163 886 2246; x_wconf 86' lang='lat' dir='ltr'>foret,</span> <span class='ocrx_word' id='word_1_137' title='bbox 907 2163 1117 2245; x_wconf 88' lang='lat' dir='ltr'>parentibus*</span> <span class='ocrx_word' id='word_1_138' title='bbox 1137 2171 1331 2246; x_wconf 82' lang='lat' dir='ltr'>praestaret</span> <span class='ocrx_word' id='word_1_139' title='bbox 1377 2169 1441 2234; x_wconf 86' lang='lat' dir='ltr'>Sed</span> 
     </span>
     <span class='ocr_line' id='line_1_18' title="bbox 202 2274 1439 2359; baseline 0.004 -19"><span class='ocrx_word' id='word_1_140' title='bbox 202 2293 272 2340; x_wconf 91' lang='lat' dir='ltr'>cum</span> <span class='ocrx_word' id='word_1_141' title='bbox 287 2275 398 2340; x_wconf 89' lang='lat' dir='ltr'>Achivi</span> <span class='ocrx_word' id='word_1_142' title='bbox 413 2275 509 2341; x_wconf 84' lang='lat' dir='ltr'>Troia</span> <span class='ocrx_word' id='word_1_143' title='bbox 531 2280 626 2357; x_wconf 89' lang='lat' dir='ltr'>capta</span> <span class='ocrx_word' id='word_1_144' title='bbox 644 2275 766 2356; x_wconf 91' lang='lat' dir='ltr'>prolem</span> <span class='ocrx_word' id='word_1_145' title='bbox 781 2274 898 2340; x_wconf 90' lang='lat' dir='ltr'>Priami</span> <span class='ocrx_word' id='word_1_146' title='bbox 915 2276 1073 2358; x_wconf 88' lang='lat' dir='ltr'>extirpare</span> <span class='ocrx_word' id='word_1_147' title='bbox 1088 2276 1216 2357; x_wconf 85' lang='lat' dir='ltr'>vellent,</span> <span class='ocrx_word' id='word_1_148' title='bbox 1237 2280 1439 2359; x_wconf 84' lang='lat' dir='ltr'>Astyanacta</span> 
     </span>
     <span class='ocr_line' id='line_1_19' title="bbox 200 2385 1439 2473; baseline 0.005 -23"><span class='ocrx_word' id='word_1_149' title='bbox 200 2386 349 2452; x_wconf 86' lang='lat' dir='ltr'>Hectoris</span> <span class='ocrx_word' id='word_1_150' title='bbox 372 2392 406 2452; x_wconf 89' lang='lat' dir='ltr'>et</span> <span class='ocrx_word' id='word_1_151' title='bbox 427 2387 670 2452; x_wconf 81' lang='lat' dir='ltr'>Andromachae</span> <span class='ocrx_word' id='word_1_152' title='bbox 691 2385 790 2449; x_wconf 88' lang='lat' dir='ltr'>lilium</span> <span class='ocrx_word' id='word_1_153' title='bbox 814 2387 854 2452; x_wconf 89' lang='lat' dir='ltr'>de</span> <span class='ocrx_word' id='word_1_154' title='bbox 876 2406 965 2451; x_wconf 91' lang='lat' dir='ltr'>muro</span> <span class='ocrx_word' id='word_1_155' title='bbox 989 2387 1172 2452; x_wconf 90' lang='lat' dir='ltr'>deiecerunt</span> <span class='ocrx_word' id='word_1_156' title='bbox 1194 2393 1225 2453; x_wconf 90' lang='lat' dir='ltr'>et</span> <span class='ocrx_word' id='word_1_157' title='bbox 1247 2389 1290 2453; x_wconf 91' lang='lat' dir='ltr'>ad</span> <span class='ocrx_word' id='word_1_158' title='bbox 1310 2390 1439 2473; x_wconf 91' lang='lat' dir='ltr'>Polym·</span> 
     </span>
     <span class='ocr_line' id='line_1_20' title="bbox 202 2497 1438 2580; baseline 0.005 -18"><span class='ocrx_word' id='word_1_159' title='bbox 202 2501 385 2577; x_wconf 76' lang='lat' dir='ltr'>[electorem</span> <span class='ocrx_word' id='word_1_160' title='bbox 414 2498 538 2580; x_wconf 88' lang='lat' dir='ltr'>legatos</span> <span class='ocrx_word' id='word_1_161' title='bbox 567 2498 734 2577; x_wconf 85' lang='lat' dir='ltr'>miserunt,</span> <span class='ocrx_word' id='word_1_162' title='bbox 765 2497 819 2578; x_wconf 90' lang='lat' dir='ltr'>qui</span> <span class='ocrx_word' id='word_1_163' title='bbox 847 2497 876 2563; x_wconf 93' lang='lat' dir='ltr'>ci</span> <span class='ocrx_word' id='word_1_164' title='bbox 905 2499 1152 2578; x_wconf 83' lang='lat' dir='ltr'>Agamemnonis</span> <span class='ocrx_word' id='word_1_165' title='bbox 1180 2498 1276 2565; x_wconf 87' lang='lat' dir='ltr'>liliam</span> <span class='ocrx_word' id='word_1_166' title='bbox 1308 2503 1438 2568; x_wconf 91' lang='lat' dir='ltr'>nomine</span> 
     </span>
     <span class='ocr_line' id='line_1_21' title="bbox 201 2609 1437 2692; baseline 0.004 -18"><span class='ocrx_word' id='word_1_167' title='bbox 201 2609 361 2675; x_wconf 87' lang='lat' dir='ltr'>Electram</span> <span class='ocrx_word' id='word_1_168' title='bbox 375 2609 600 2691; x_wconf 87' lang='lat' dir='ltr'>pollicerentur</span> <span class='ocrx_word' id='word_1_169' title='bbox 621 2609 653 2674; x_wconf 90' lang='lat' dir='ltr'>in</span> <span class='ocrx_word' id='word_1_170' title='bbox 670 2609 850 2690; x_wconf 85' lang='lat' dir='ltr'>coniugium</span> <span class='ocrx_word' id='word_1_171' title='bbox 874 2613 906 2673; x_wconf 93' lang='lat' dir='ltr'>et</span> <span class='ocrx_word' id='word_1_172' title='bbox 927 2611 997 2673; x_wconf 86' lang='lat' dir='ltr'>auri</span> <span class='ocrx_word' id='word_1_173' title='bbox 1012 2628 1159 2692; x_wconf 83' lang='lat' dir='ltr'>magnam</span> <span class='ocrx_word' id='word_1_174' title='bbox 1175 2610 1309 2692; x_wconf 86' lang='lat' dir='ltr'>copiam,</span> <span class='ocrx_word' id='word_1_175' title='bbox 1331 2613 1362 2677; x_wconf 89' lang='lat' dir='ltr'>si</span> <span class='ocrx_word' id='word_1_176' title='bbox 1378 2614 1437 2679; x_wconf 88' lang='lat' dir='ltr'>Po·</span> 
     </span>
     <span class='ocr_line' id='line_1_22' title="bbox 150 2719 1437 2803; baseline 0.005 -19"><span class='ocrx_word' id='word_1_177' title='bbox 150 2719 347 2802; x_wconf 78' lang='lat' dir='ltr'>201ydorum</span> <span class='ocrx_word' id='word_1_178' title='bbox 362 2721 480 2787; x_wconf 91' lang='lat' dir='ltr'>Priami</span> <span class='ocrx_word' id='word_1_179' title='bbox 501 2721 600 2786; x_wconf 90' lang='lat' dir='ltr'>filium</span> <span class='ocrx_word' id='word_1_180' title='bbox 621 2720 843 2786; x_wconf 87' lang='lat' dir='ltr'>interfecisset.</span> <span class='ocrx_word' id='word_1_181' title='bbox 887 2720 1131 2802; x_wconf 88' lang='lat' dir='ltr'>Polym[u]estor</span> <span class='ocrx_word' id='word_1_182' title='bbox 1148 2721 1327 2803; x_wconf 86' lang='lat' dir='ltr'>legatorum</span> <span class='ocrx_word' id='word_1_183' title='bbox 1351 2725 1437 2791; x_wconf 88' lang='lat' dir='ltr'>dicta</span> 
     </span>
     <span class='ocr_line' id='line_1_23' title="bbox 201 2831 1436 2914; baseline 0.004 -18"><span class='ocrx_word' id='word_1_184' title='bbox 201 2850 263 2896; x_wconf 89' lang='lat' dir='ltr'>non</span> <span class='ocrx_word' id='word_1_185' title='bbox 290 2832 471 2914; x_wconf 85' lang='lat' dir='ltr'>repudiavit</span> <span class='ocrx_word' id='word_1_186' title='bbox 491 2831 724 2914; x_wconf 87' lang='lat' dir='ltr'>Deipylumque</span> <span class='ocrx_word' id='word_1_187' title='bbox 751 2831 851 2896; x_wconf 92' lang='lat' dir='ltr'>filium</span> <span class='ocrx_word' id='word_1_188' title='bbox 879 2850 970 2896; x_wconf 92' lang='lat' dir='ltr'>suum</span> <span class='ocrx_word' id='word_1_189' title='bbox 999 2832 1186 2914; x_wconf 88' lang='lat' dir='ltr'>imprudens</span> <span class='ocrx_word' id='word_1_190' title='bbox 1214 2832 1331 2900; x_wconf 91' lang='lat' dir='ltr'>occidit</span> <span class='ocrx_word' id='word_1_191' title='bbox 1354 2836 1436 2902; x_wconf 87' lang='lat' dir='ltr'>arbi·</span> 
     </span>
     <span class='ocr_line' id='line_1_24' title="bbox 200 2942 1434 3026; baseline 0.004 -19"><span class='ocrx_word' id='word_1_192' title='bbox 200 2947 300 3022; x_wconf 88' lang='lat' dir='ltr'>trans,</span> <span class='ocrx_word' id='word_1_193' title='bbox 318 2961 354 3007; x_wconf 90' lang='lat' dir='ltr'>se</span> <span class='ocrx_word' id='word_1_194' title='bbox 368 2942 560 3024; x_wconf 89' lang='lat' dir='ltr'>Polydorum</span> <span class='ocrx_word' id='word_1_195' title='bbox 575 2942 674 3007; x_wconf 92' lang='lat' dir='ltr'>filium</span> <span class='ocrx_word' id='word_1_196' title='bbox 690 2942 807 3007; x_wconf 87' lang='lat' dir='ltr'>Priami</span> <span class='ocrx_word' id='word_1_197' title='bbox 821 2942 1030 3008; x_wconf 88' lang='lat' dir='ltr'>interfecisse.</span> <span class='ocrx_word' id='word_1_198' title='bbox 1073 2943 1251 3026; x_wconf 91' lang='lat' dir='ltr'>Polydorus</span> <span class='ocrx_word' id='word_1_199' title='bbox 1267 2951 1379 3012; x_wconf 89' lang='lat' dir='ltr'>autem</span> <span class='ocrx_word' id='word_1_200' title='bbox 1395 2949 1434 3012; x_wconf 95' lang='lat' dir='ltr'>ad</span> 
     </span>
     <span class='ocr_line' id='line_1_25' title="bbox 200 3053 1433 3137; baseline 0.005 -19"><span class='ocrx_word' id='word_1_201' title='bbox 200 3053 363 3118; x_wconf 92' lang='lat' dir='ltr'>oraculum</span> <span class='ocrx_word' id='word_1_202' title='bbox 384 3053 541 3135; x_wconf 88' lang='lat' dir='ltr'>Apollinis</span> <span class='ocrx_word' id='word_1_203' title='bbox 565 3054 605 3118; x_wconf 93' lang='lat' dir='ltr'>de</span> <span class='ocrx_word' id='word_1_204' title='bbox 627 3053 843 3134; x_wconf 86' lang='lat' dir='ltr'>†parentibus</span> <span class='ocrx_word' id='word_1_205' title='bbox 874 3054 940 3119; x_wconf 91' lang='lat' dir='ltr'>suis</span> <span class='ocrx_word' id='word_1_206' title='bbox 964 3054 1161 3120; x_wconf 91' lang='lat' dir='ltr'>sciscitatum</span> <span class='ocrx_word' id='word_1_207' title='bbox 1184 3060 1234 3121; x_wconf 90' lang='lat' dir='ltr'>est</span> <span class='ocrx_word' id='word_1_208' title='bbox 1255 3056 1433 3137; x_wconf 89' lang='lat' dir='ltr'>profectus:</span> 
     </span>
     <span class='ocr_line' id='line_1_26' title="bbox 201 3165 1432 3247; baseline 0.004 -17"><span class='ocrx_word' id='word_1_209' title='bbox 201 3165 251 3231; x_wconf 86' lang='lat' dir='ltr'>cui</span> <span class='ocrx_word' id='word_1_210' title='bbox 279 3184 467 3247; x_wconf 89' lang='lat' dir='ltr'>responsum</span> <span class='ocrx_word' id='word_1_211' title='bbox 495 3169 559 3244; x_wconf 90' lang='lat' dir='ltr'>est,</span> <span class='ocrx_word' id='word_1_212' title='bbox 589 3165 725 3246; x_wconf 88' lang='lat' dir='ltr'>patriam</span> <span class='ocrx_word' id='word_1_213' title='bbox 748 3165 909 3230; x_wconf 86' lang='lat' dir='ltr'>incensam</span> <span class='ocrx_word' id='word_1_214' title='bbox 931 3169 1056 3247; x_wconf 88' lang='lat' dir='ltr'>patrem</span> <span class='ocrx_word' id='word_1_215' title='bbox 1080 3166 1216 3231; x_wconf 90' lang='lat' dir='ltr'>occisum</span> <span class='ocrx_word' id='word_1_216' title='bbox 1240 3175 1380 3234; x_wconf 88' lang='lat' dir='ltr'>matrem</span> <span class='ocrx_word' id='word_1_217' title='bbox 1401 3171 1432 3235; x_wconf 91' lang='lat' dir='ltr'>in</span> 
     </span>
     <span class='ocr_line' id='line_1_27' title="bbox 149 3276 1432 3346; baseline 0.002 -3"><span class='ocrx_word' id='word_1_218' title='bbox 149 3276 355 3344; x_wconf 63' lang='lat' dir='ltr'>asservientes</span> <span class='ocrx_word' id='word_1_219' title='bbox 377 3278 486 3343; x_wconf 88' lang='lat' dir='ltr'>teneri.</span> <span class='ocrx_word' id='word_1_220' title='bbox 518 3294 587 3342; x_wconf 89' lang='lat' dir='ltr'>cum</span> <span class='ocrx_word' id='word_1_221' title='bbox 609 3276 683 3342; x_wconf 88' lang='lat' dir='ltr'>inde</span> <span class='ocrx_word' id='word_1_222' title='bbox 704 3276 825 3341; x_wconf 89' lang='lat' dir='ltr'>rediret</span> <span class='ocrx_word' id='word_1_223' title='bbox 854 3284 887 3341; x_wconf 89' lang='lat' dir='ltr'>et</span> <span class='ocrx_word' id='word_1_224' title='bbox 908 3277 989 3342; x_wconf 79' lang='lat' dir='ltr'>vidit</span> <span class='ocrx_word' id='word_1_225' title='bbox 1017 3277 1112 3342; x_wconf 91' lang='lat' dir='ltr'>aliter</span> <span class='ocrx_word' id='word_1_226' title='bbox 1133 3296 1207 3343; x_wconf 88' lang='lat' dir='ltr'>esse</span> <span class='ocrx_word' id='word_1_227' title='bbox 1236 3296 1274 3343; x_wconf 90' lang='lat' dir='ltr'>ac</span> <span class='ocrx_word' id='word_1_228' title='bbox 1299 3280 1363 3345; x_wconf 89' lang='lat' dir='ltr'>sibi</span> <span class='ocrx_word' id='word_1_229' title='bbox 1385 3301 1432 3346; x_wconf 90' lang='lat' dir='ltr'>re-</span> 
     </span>
     <span class='ocr_line' id='line_1_28' title="bbox 200 3387 1432 3469; baseline 0.006 -18"><span class='ocrx_word' id='word_1_230' title='bbox 200 3404 354 3468; x_wconf 90' lang='lat' dir='ltr'>sponsum</span> <span class='ocrx_word' id='word_1_231' title='bbox 375 3387 459 3452; x_wconf 84' lang='lat' dir='ltr'>fuit*</span> <span class='ocrx_word' id='word_1_232' title='bbox 482 3407 517 3455; x_wconf 90' lang='lat' dir='ltr'>se</span> <span class='ocrx_word' id='word_1_233' title='bbox 539 3387 811 3469; x_wconf 76' lang='lat' dir='ltr'>Polymlnlestoris</span> <span class='ocrx_word' id='word_1_234' title='bbox 834 3407 906 3454; x_wconf 90' lang='lat' dir='ltr'>esse</span> <span class='ocrx_word' id='word_1_235' title='bbox 926 3387 1042 3469; x_wconf 85' lang='lat' dir='ltr'>filium,</span> <span class='ocrx_word' id='word_1_236' title='bbox 1064 3388 1105 3453; x_wconf 87' lang='lat' dir='ltr'>ab</span> <span class='ocrx_word' id='word_1_237' title='bbox 1128 3407 1236 3455; x_wconf 89' lang='lat' dir='ltr'>sorore</span> <span class='ocrx_word' id='word_1_238' title='bbox 1257 3389 1366 3457; x_wconf 90' lang='lat' dir='ltr'>lliona</span> <span class='ocrx_word' id='word_1_239' title='bbox 1386 3393 1432 3457; x_wconf 91' lang='lat' dir='ltr'>in·</span> 
     </span>
     <span class='ocr_line' id='line_1_29' title="bbox 200 3498 1431 3583; baseline 0.004 -20"><span class='ocrx_word' id='word_1_240' title='bbox 200 3498 342 3581; x_wconf 69' lang='lat' dir='ltr'>quisine,</span> <span class='ocrx_word' id='word_1_241' title='bbox 365 3500 441 3583; x_wconf 87' lang='lat' dir='ltr'>quid</span> <span class='ocrx_word' id='word_1_242' title='bbox 463 3499 509 3564; x_wconf 89' lang='lat' dir='ltr'>ita</span> <span class='ocrx_word' id='word_1_243' title='bbox 531 3498 624 3565; x_wconf 87' lang='lat' dir='ltr'>aliter</span> <span class='ocrx_word' id='word_1_244' title='bbox 647 3505 751 3565; x_wconf 87' lang='lat' dir='ltr'>sortes</span> <span class='ocrx_word' id='word_1_245' title='bbox 774 3499 940 3566; x_wconf 87' lang='lat' dir='ltr'>dixissent.</span> <span class='ocrx_word' id='word_1_246' title='bbox 969 3500 1019 3565; x_wconf 92' lang='lat' dir='ltr'>cui</span> <span class='ocrx_word' id='word_1_247' title='bbox 1042 3518 1132 3566; x_wconf 88' lang='lat' dir='ltr'>soror</span> <span class='ocrx_word' id='word_1_248' title='bbox 1154 3501 1230 3583; x_wconf 91' lang='lat' dir='ltr'>quid</span> <span class='ocrx_word' id='word_1_249' title='bbox 1252 3503 1319 3568; x_wconf 85' lang='lat' dir='ltr'>veri</span> <span class='ocrx_word' id='word_1_250' title='bbox 1343 3509 1431 3570; x_wconf 89' lang='lat' dir='ltr'>esset</span> 
     </span>
    </p>
   </div>
   <div class='ocr_carea' id='block_1_5' title="bbox 102 3680 1430 4334">
    <p class='ocr_par' dir='ltr' id='par_1_6' title="bbox 197 3680 1429 4038">
     <span class='ocr_line' id='line_1_30' title="bbox 200 3680 1429 3758; baseline 0.006 -15"><span class='ocrx_word' id='word_1_251' title='bbox 200 3699 213 3743; x_wconf 90' lang='lat'>1</span> <span class='ocrx_word' id='word_1_252' title='bbox 238 3697 293 3744; x_wconf 88' lang='lat' dir='ltr'>loco</span> <span class='ocrx_word' id='word_1_253' title='bbox 310 3697 437 3746; x_wconf 85' lang='lat' dir='ltr'>Diomedis</span> <span class='ocrx_word' id='word_1_254' title='bbox 455 3698 550 3758; x_wconf 81' lang='lat' dir='ltr'>Epeum</span> <span class='ocrx_word' id='word_1_255' title='bbox 575 3697 651 3745; x_wconf 86' lang='lat' dir='ltr'>habet</span> <span class='ocrx_word' id='word_1_256' title='bbox 673 3680 948 3757; x_wconf 76' lang='lat' dir='ltr'>Virg.Aen.11261‚</span> <span class='ocrx_word' id='word_1_257' title='bbox 975 3701 1048 3758; x_wconf 84' lang='lat' dir='ltr'>longe</span> <span class='ocrx_word' id='word_1_258' title='bbox 1072 3698 1134 3746; x_wconf 87' lang='lat' dir='ltr'>alios</span> <span class='ocrx_word' id='word_1_259' title='bbox 1153 3699 1203 3745; x_wconf 87' lang='lat' dir='ltr'>XII</span> <span class='ocrx_word' id='word_1_260' title='bbox 1227 3699 1341 3748; x_wconf 82' lang='lat' dir='ltr'>Eudocia</span> <span class='ocrx_word' id='word_1_261' title='bbox 1366 3702 1429 3750; x_wconf 90' lang='lat' dir='ltr'>Viol.</span> 
     </span>
     <span class='ocr_line' id='line_1_31' title="bbox 198 3790 1429 3857; baseline 0.009 -23"><span class='ocrx_word' id='word_1_262' title='bbox 198 3804 221 3849; x_wconf 92' lang='lat' dir='ltr'>p.</span> <span class='ocrx_word' id='word_1_263' title='bbox 237 3790 284 3836; x_wconf 81' lang='lat'>125</span> <span class='ocrx_word' id='word_1_264' title='bbox 309 3804 358 3838; x_wconf 89' lang='lat' dir='ltr'>non</span> <span class='ocrx_word' id='word_1_265' title='bbox 380 3797 570 3838; x_wconf 84' lang='lat' dir='ltr'>commemorata</span> <span class='ocrx_word' id='word_1_266' title='bbox 593 3790 624 3837; x_wconf 94' lang='lat' dir='ltr'>ab</span> <span class='ocrx_word' id='word_1_267' title='bbox 642 3790 739 3850; x_wconf 89' lang='lat' dir='ltr'>Heynio</span> <span class='ocrx_word' id='word_1_268' title='bbox 762 3805 812 3837; x_wconf 82' lang='lat' dir='ltr'>exc.</span> <span class='ocrx_word' id='word_1_269' title='bbox 830 3792 867 3838; x_wconf 93' lang='lat' dir='ltr'>Ill</span> <span class='ocrx_word' id='word_1_270' title='bbox 891 3792 923 3838; x_wconf 85' lang='lat' dir='ltr'>ad</span> <span class='ocrx_word' id='word_1_271' title='bbox 941 3793 1010 3852; x_wconf 88' lang='lat' dir='ltr'>Virg.</span> <span class='ocrx_word' id='word_1_272' title='bbox 1034 3794 1050 3839; x_wconf 94' lang='lat' dir='ltr'>l.</span> <span class='ocrx_word' id='word_1_273' title='bbox 1065 3808 1085 3839; x_wconf 94' lang='lat' dir='ltr'>c.</span> <span class='ocrx_word' id='word_1_274' title='bbox 1110 3793 1159 3839; x_wconf 84' lang='lat' dir='ltr'>rol.</span> <span class='ocrx_word' id='word_1_275' title='bbox 1179 3792 1204 3838; x_wconf 90' lang='lat'>11</span> <span class='ocrx_word' id='word_1_276' title='bbox 1224 3807 1249 3853; x_wconf 90' lang='lat' dir='ltr'>p.</span> <span class='ocrx_word' id='word_1_277' title='bbox 1261 3796 1314 3843; x_wconf 84' lang='lat'>404</span> <span class='ocrx_word' id='word_1_278' title='bbox 1339 3796 1429 3857; x_wconf 83' lang='lat' dir='ltr'>Wagn.</span> 
     </span>
     <span class='ocr_line' id='line_1_32' title="bbox 198 3880 1429 3949; baseline 0.009 -20"><span class='ocrx_word' id='word_1_279' title='bbox 198 3880 211 3949; x_wconf 72' lang='grc' dir='ltr'>Η</span> <span class='ocrx_word' id='word_1_280' title='bbox 225 3882 377 3930; x_wconf 70' lang='lat' dir='ltr'>sternendae</span> <span class='ocrx_word' id='word_1_281' title='bbox 399 3885 461 3931; x_wconf 91' lang='lat' dir='ltr'>coni.</span> <span class='ocrx_word' id='word_1_282' title='bbox 480 3886 518 3931; x_wconf 92' lang='lat' dir='ltr'>Bu</span> <span class='ocrx_word' id='word_1_283' title='bbox 571 3885 730 3932; x_wconf 82' lang='lat' dir='ltr'>3tenedoF</span> <span class='ocrx_word' id='word_1_284' title='bbox 752 3884 871 3932; x_wconf 75' lang='lat' dir='ltr'>Tenedum</span> <span class='ocrx_word' id='word_1_285' title='bbox 888 3885 944 3931; x_wconf 91' lang='lat' dir='ltr'>Mic.</span> <span class='ocrx_word' id='word_1_286' title='bbox 964 3886 980 3932; x_wconf 86' lang='lat' dir='ltr'>i.</span> <span class='ocrx_word' id='word_1_287' title='bbox 998 3901 1021 3933; x_wconf 92' lang='lat' dir='ltr'>m</span> <span class='ocrx_word' id='word_1_288' title='bbox 1082 3887 1186 3934; x_wconf 77' lang='lat' dir='ltr'>tineo</span> <span class='ocrx_word' id='word_1_289' title='bbox 1209 3889 1274 3946; x_wconf 92' lang='lat' dir='ltr'>quod</span> <span class='ocrx_word' id='word_1_290' title='bbox 1300 3894 1339 3938; x_wconf 86' lang='lat' dir='ltr'>cst</span> <span class='ocrx_word' id='word_1_291' title='bbox 1358 3892 1429 3939; x_wconf 86' lang='lat' dir='ltr'>‘id-</span> 
     </span>
     <span class='ocr_line' id='line_1_33' title="bbox 197 3977 1027 4038; baseline 0.002 -14"><span class='ocrx_word' id='word_1_292' title='bbox 197 3977 260 4024; x_wconf 88' lang='lat' dir='ltr'>cum&#39;</span> <span class='ocrx_word' id='word_1_293' title='bbox 277 3992 327 4024; x_wconf 90' lang='lat' dir='ltr'>non</span> <span class='ocrx_word' id='word_1_294' title='bbox 345 3978 424 4038; x_wconf 82' lang='lat' dir='ltr'>magis</span> <span class='ocrx_word' id='word_1_295' title='bbox 442 3984 479 4026; x_wconf 86' lang='lat' dir='ltr'>est</span> <span class='ocrx_word' id='word_1_296' title='bbox 496 3979 668 4026; x_wconf 83' lang='lat' dir='ltr'>offendendum</span> <span class='ocrx_word' id='word_1_297' title='bbox 687 3993 759 4038; x_wconf 88' lang='lat' dir='ltr'>quam</span> <span class='ocrx_word' id='word_1_298' title='bbox 777 3978 801 4024; x_wconf 90' lang='lat' dir='ltr'>in</span> <span class='ocrx_word' id='word_1_299' title='bbox 822 3979 895 4038; x_wconf 84' lang='lat' dir='ltr'>‘quod</span> <span class='ocrx_word' id='word_1_300' title='bbox 913 4006 946 4014; x_wconf 92' lang='lat'><em>-</em></span> <span class='ocrx_word' id='word_1_301' title='bbox 964 3979 1027 4026; x_wconf 86' lang='lat' dir='ltr'>cum’</span> 
     </span>
    </p>

    <p class='ocr_par' dir='ltr' id='par_1_7' title="bbox 102 4071 1430 4334">
     <span class='ocr_line' id='line_1_34' title="bbox 266 4071 1430 4140; baseline 0.005 -23"><span class='ocrx_word' id='word_1_302' title='bbox 266 4072 457 4133; x_wconf 80' lang='lat' dir='ltr'>1adetphy1um</span> <span class='ocrx_word' id='word_1_303' title='bbox 475 4073 496 4118; x_wconf 66' lang='lat'>1⁴*</span> <span class='ocrx_word' id='word_1_304' title='bbox 519 4071 646 4132; x_wconf 69' lang='lat' dir='ltr'>deephdum</span> <span class='ocrx_word' id='word_1_305' title='bbox 664 4071 751 4119; x_wconf 78' lang='lat' dir='ltr'>comm</span> <span class='ocrx_word' id='word_1_306' title='bbox 768 4073 896 4133; x_wconf 76' lang='lat' dir='ltr'>Deepylam</span> <span class='ocrx_word' id='word_1_307' title='bbox 913 4075 951 4121; x_wconf 89' lang='lat' dir='ltr'>Bu</span> <span class='ocrx_word' id='word_1_308' title='bbox 1004 4075 1034 4121; x_wconf 81' lang='lat' dir='ltr'>lo</span> <span class='ocrx_word' id='word_1_309' title='bbox 1055 4071 1144 4140; x_wconf 68' lang='lat' dir='ltr'>lfideml</span> <span class='ocrx_word' id='word_1_310' title='bbox 1164 4081 1305 4135; x_wconf 80' lang='lat' dir='ltr'>praestaret</span> <span class='ocrx_word' id='word_1_311' title='bbox 1323 4075 1349 4127; x_wconf 84' lang='grc' dir='ltr'><strong>Σ</strong></span> <span class='ocrx_word' id='word_1_312' title='bbox 1368 4079 1430 4127; x_wconf 74' lang='lat' dir='ltr'>alter</span> 
     </span>
     <span class='ocr_line' id='line_1_35' title="bbox 102 4164 1429 4235; baseline 0.008 -24"><span class='ocrx_word' id='word_1_313' title='bbox 102 4226 107 4235; x_wconf 91' lang='lat'>.</span> <span class='ocrx_word' id='word_1_314' title='bbox 190 4164 333 4226; x_wconf 63' lang='lat' dir='ltr'>parentelas</span> <span class='ocrx_word' id='word_1_315' title='bbox 350 4172 451 4213; x_wconf 79' lang='lat' dir='ltr'>restaret</span> <span class='ocrx_word' id='word_1_316' title='bbox 464 4165 518 4214; x_wconf 85' lang='lat' dir='ltr'>coni</span> <span class='ocrx_word' id='word_1_317' title='bbox 531 4167 570 4213; x_wconf 91' lang='lat' dir='ltr'>Bu</span> <span class='ocrx_word' id='word_1_318' title='bbox 605 4166 1271 4229; x_wconf 67' lang='lat' dir='ltr'>21deiphyluml*dapdcom00mmnapylom13u</span> <span class='ocrx_word' id='word_1_319' title='bbox 1308 4173 1340 4219; x_wconf 77' lang='grc'>23</span> <span class='ocrx_word' id='word_1_320' title='bbox 1360 4173 1429 4221; x_wconf 73' lang='lat' dir='ltr'>retae</span> 
     </span>
     <span class='ocr_line' id='line_1_36' title="bbox 196 4257 1428 4334; baseline 0.007 -27"><span class='ocrx_word' id='word_1_321' title='bbox 196 4260 252 4307; x_wconf 89' lang='lat' dir='ltr'>coni</span> <span class='ocrx_word' id='word_1_322' title='bbox 270 4257 295 4308; x_wconf 78' lang='grc' dir='ltr'><strong>Σ</strong></span> <span class='ocrx_word' id='word_1_323' title='bbox 342 4262 373 4307; x_wconf 79' lang='lat'>25</span> <span class='ocrx_word' id='word_1_324' title='bbox 392 4257 423 4326; x_wconf 86' lang='lat' dir='ltr'>et]</span> <span class='ocrx_word' id='word_1_325' title='bbox 440 4267 467 4307; x_wconf 83' lang='lat' dir='ltr'>ut</span> <span class='ocrx_word' id='word_1_326' title='bbox 478 4260 622 4309; x_wconf 82' lang='lat' dir='ltr'>Perizonius</span> <span class='ocrx_word' id='word_1_327' title='bbox 669 4263 700 4309; x_wconf 76' lang='lat'>26</span> <span class='ocrx_word' id='word_1_328' title='bbox 722 4258 803 4327; x_wconf 64' lang='lat' dir='ltr'>iratres]</span> <span class='ocrx_word' id='word_1_329' title='bbox 822 4263 965 4310; x_wconf 86' lang='lat' dir='ltr'>Perizonius</span> <span class='ocrx_word' id='word_1_330' title='bbox 984 4260 1127 4330; x_wconf 68' lang='lat' dir='ltr'>{aestimans}</span> <span class='ocrx_word' id='word_1_331' title='bbox 1144 4263 1190 4321; x_wconf 89' lang='lat' dir='ltr'>Bu,</span> <span class='ocrx_word' id='word_1_332' title='bbox 1209 4263 1251 4322; x_wconf 90' lang='lat' dir='ltr'>qui</span> <span class='ocrx_word' id='word_1_333' title='bbox 1271 4262 1428 4334; x_wconf 62' lang='lat' dir='ltr'>{mechmas}</span> 
     </span>
    </p>
   </div>
   <div class='ocr_carea' id='block_1_6' title="bbox 196 4364 777 4471">
    <p class='ocr_par' dir='ltr' id='par_1_8' title="bbox 196 4364 777 4471">
     <span class='ocr_line' id='line_1_37' title="bbox 196 4364 777 4471; baseline 0.003 -19"><span class='ocrx_word' id='word_1_334' title='bbox 196 4405 276 4453; x_wconf 86' lang='lat' dir='ltr'>voluit</span> <span class='ocrx_word' id='word_1_335' title='bbox 294 4400 305 4471; x_wconf 81' lang='lat' dir='ltr'>fl</span> <span class='ocrx_word' id='word_1_336' title='bbox 328 4405 418 4453; x_wconf 85' lang='lat' dir='ltr'>ilionea</span> <span class='ocrx_word' id='word_1_337' title='bbox 436 4406 456 4452; x_wconf 81' lang='lat' dir='ltr'>P</span> <span class='ocrx_word' id='word_1_338' title='bbox 473 4405 497 4452; x_wconf 90' lang='lat' dir='ltr'>h.</span> <span class='ocrx_word' id='word_1_339' title='bbox 511 4418 533 4452; x_wconf 87' lang='lat' dir='ltr'>c.</span> <span class='ocrx_word' id='word_1_340' title='bbox 550 4364 640 4465; x_wconf 57' lang='lat' dir='ltr'>illone,</span> <span class='ocrx_word' id='word_1_341' title='bbox 667 4421 722 4454; x_wconf 86' lang='lat' dir='ltr'>corr</span> <span class='ocrx_word' id='word_1_342' title='bbox 739 4407 777 4454; x_wconf 92' lang='lat' dir='ltr'>Bu</span> 
     </span>
    </p>
   </div>
   <div class='ocr_carea' id='block_1_7' title="bbox 0 0 1546 4950">
    <p class='ocr_par' dir='ltr' id='par_1_9' title="bbox 0 0 1546 4950">
     <span class='ocr_line' id='line_1_38' title="bbox 0 0 1546 4950; baseline 0 5"><span class='ocrx_word' id='word_1_343' title='bbox 0 0 1546 4950; x_wconf 95' lang='lat' dir='ltr'> </span> 
     </span>
    </p>
   </div>
  </div>
 </body>
</html>
