3082 4950
704 231 827 297 XXXII

149 404 247 451 mauu
260 384 404 465 terium
417 402 478 450 uec
491 384 566 449 sola
578 403 639 450 nec
652 386 822 467 vestigium
837 392 996 467 superest,
1015 394 1142 452 tantum
1154 391 1263 451 nmen
1279 385 1385 466 abest,

149 508 188 563 ut
207 496 392 563 addubitari
412 496 539 579 possint
559 496 714 577 origines,
736 504 774 561 ot
793 497 986 578 gravissima
1007 498 1114 563 afferri
1137 497 1267 581 possint
1287 515 1385 579 argu-

150 620 268 689 menta,
288 627 373 690 quae
393 626 430 673 re
443 626 520 673 vera
532 626 589 673 eus
609 609 653 672 ad
666 607 793 673 fabulas
814 608 975 690 respicere
993 610 1139 692 probent,
1159 609 1384 691 epitomatoris

150 720 267 785 inertia
293 719 375 784 libro
402 720 543 785 mouudo
570 738 654 783 nono
675 720 848 784 deuactas.
876 721 1029 801 primum:
1058 721 1218 802 quomodo
1239 719 1386 802 Clymeni

150 831 306 897 Schoenei
333 829 390 895 filii
412 848 483 895 cum
505 830 688 912 Harpalyce
713 829 780 895 filia
807 850 868 895 sua
893 832 1095 911 concubitus,
1122 832 1214 897 cuius
1242 830 1305 896 fab.
1319 832 1386 897 206

151 942 352 1022 meminerat,
381 942 484 1007 tribus
512 942 600 1007 tertii
630 941 703 1006 libri
731 942 811 1007 locis
840 954 1105 1008 commemoratur
1133 943 1300 1023 (CCXIII.
1328 943 1385 1007 VI.

151 1053 302 1135 CCLIII),
320 1054 404 1118 idem
420 1053 501 1118 liber
515 1053 612 1118 etiam
627 1053 761 1118 aliorum
777 1053 908 1119 heroum
924 1054 974 1120 bis
988 1060 1079 1120 terre
1092 1054 1285 1119 mentionem
1301 1053 1388 1118 eius·
1431 1138 1434 1143 Ι

151 1277 194 1343 sit
215 1278 417 1343 simillimum.
460 1275 523 1354 Sic,
543 1281 581 1340 ut
601 1275 724 1358 aliquot
745 1277 898 1359 exemplis
920 1296 987 1342 rem
1008 1277 1219 1359 comprobem,
1239 1296 1303 1342 nou
1325 1277 1387 1342 du-

150 1388 226 1467 hilo,
248 1388 324 1470 quin
347 1386 463 1453 alicubi
478 1387 618 1452 Macarei
634 1394 668 1453 et
681 1388 824 1454 Canaces
839 1388 959 1453 sororis
977 1389 1092 1453 incesti
1115 1407 1243 1454 amores
1258 1388 1385 1454 narrati

150 1499 285 1579 luerim,
311 1516 382 1563 cum
404 1496 499 1563 aliter
518 1517 582 1563 uon
605 1499 710 1581 possit
728 1499 887 1580 intellegi,
917 1501 972 1581 qui
992 1498 1112 1564 lactum
1135 1500 1194 1579 sit,
1220 1506 1259 1564 ut
1279 1499 1386 1564 tribus

151 1610 230 1677 locis
251 1611 387 1675 diversis
409 1610 552 1675 eiusdem
574 1611 620 1676 rei
641 1612 793 1676 memoria
815 1617 994 1692 repetatur:
1015 1610 1233 1676 CCXXXVIII
1253 1610 1386 1676 ‘Aeolus

151 1723 297 1789 Canacen
320 1721 449 1805 :cendio
472 1728 604 1803 propter
624 1722 778 1787 incestum
808 1741 878 1787 cum
907 1721 1008 1787 fratre
1029 1723 1177 1787 Macareo
1197 1721 1387 1803 admissum,

151 1834 309 1901 CCXLIII
323 1832 449 1899 Canace
463 1832 554 1897 Aeoli
574 1832 642 1898 filia
662 1840 795 1915 propter
816 1852 956 1898 amorem
971 1833 1112 1898 Macarei
1135 1833 1244 1898 fratris
1260 1833 1335 1914 ipsa
1347 1852 1388 1898 se

151 1944 309 2011 interfecit
329 1944 469 2010 CCXIII
491 1945 659 2009 Macareus
681 1944 774 2009 Aeoli
800 1944 884 2010 filius
913 1950 1045 2027 propter
1066 1945 1211 2010 Canacen
1241 1962 1386 2009 summm

151 2057 207 2136 lcii
229 2057 423 2137 desponsam
450 2054 521 2137 ipse
549 2074 586 2121 se
606 2055 784 2121 interfecit'.
815 2075 889 2121 nam
917 2057 961 2121 ad
983 2074 1007 2121 c.
1023 2056 1135 2122 CCVII
1164 2055 1244 2121 haec
1264 2055 1388 2122 reform

152 2187 215 2233 non
236 2168 311 2233 licet
325 2172 457 2249 propter
471 2167 557 2232 timii
571 2166 862 2232 dissimilitudinem
878 2187 897 2232 e
911 2168 1023 2233 vicinis
1037 2166 1155 2233 fabulis
1170 2167 1386 2249 conspicuam.

152 2280 324 2347 Praeterea
343 2277 468 2344 Cereris
490 2283 523 2343 et
540 2279 665 2344 Iasonis
687 2297 828 2344 amorem
849 2284 979 2344 aumore
1001 2279 1093 2344 Hom.
1115 2279 1175 2344 Od.
1197 2279 1294 2343 2125
1310 2297 1387 2344 nar·

152 2397 257 2457 ratum
278 2390 379 2456 fuisse
399 2408 461 2455 non
482 2390 641 2455 immerito
657 2391 830 2472 suspiceris
852 2396 984 2472 propter
1005 2390 1112 2472 capita
1128 2389 1214 2455 CCL.
1237 2389 1386 2456 CCLXX.

152 2504 300 2585 idemque
319 2502 435 2567 cadere
456 2502 487 2566 in
510 2502 662 2567 Euadnes
684 2520 763 2584 erga
784 2501 966 2584 Capaneum
988 2501 1153 2582 coniugem
1174 2501 1329 2582 pietatem
1352 2506 1387 2565 at

152 2615 270 2697 Phegei
284 2613 399 2695 Alphei
421 2612 478 2678 filii
498 2611 622 2694 flagitia
642 2613 674 2678 in
690 2612 886 2695 propinquos
908 2614 1079 2678 commissa
1099 2611 1244 2676 concludi
1265 2611 1387 2693 poterit

153 2745 192 2792 ex
206 2726 256 2791 his
271 2725 410 2806 capitum
426 2724 592 2790 CCXLlII.
608 2723 740 2790 CCLVI.
756 2723 919 2789 CCXLIV.
937 2724 965 2788 V
980 2724 1102 2790 verbis:
1124 2725 1282 2788 ‘Iasonem
1298 2723 1385 2788 Iovis

151 2836 251 2903 filiurn
267 2856 306 2902 ex
320 2835 448 2901 Electra
462 2835 602 2901 Atlantis
618 2834 698 2915 filia;
719 2836 827 2900 lasion
842 2835 942 2900 Ilithii
962 2834 1057 2915 filius,
1078 2853 1172 2916 quem
1187 2835 1284 2901 Ceres
1307 2834 1386 2900 dici-

152 2956 206 3014 tur
227 2966 353 3013 amasse
375 2947 461 3028 quod
482 2947 587 3027 ipsum
602 2945 745 3010 historiis
761 2946 916 3010 creditur:
939 2946 1072 3012 Euadne
1089 2946 1210 3011 Philaci
1230 2944 1297 3011 filia
1311 2965 1386 3029 pro·

152 3066 225 3143 pter
236 3059 419 3142 Capaneum
435 3057 599 3139 coniugem
613 3056 666 3137 qui
682 3058 767 3138 apud
779 3056 906 3122 Thebas
920 3057 1061 3139 perierat
1074 3057 1107 3123 in
1122 3059 1256 3122 eandam
1271 3076 1384 3140 pyram

153 3190 189 3237 se
211 3169 360 3249 coniecit;
382 3168 516 3233 Euadne
536 3167 657 3233 Philaci
678 3167 745 3233 filia
766 3168 900 3233 coniunx
922 3168 1063 3250 Capanei
1085 3168 1280 3234 castissima:
1304 3168 1385 3234 Phe

154 3301 233 3367 gons
256 3280 371 3363 Alphei
391 3278 475 3344 filius
497 3278 731 3360 Alphesiboeae
751 3278 837 3344 filiae
859 3298 937 3345 suae
958 3278 1070 3359 filiam;
1099 3279 1246 3360 Phegeus
1268 3278 1385 3360 Alphei

152 3393 238 3460 filius
267 3393 490 3458 Alcmaeonem
520 3390 704 3472 Amphiarai
732 3389 831 3456 lilium
862 3410 1013 3474 generum
1044 3388 1178 3455 occidit'.
1229 3389 1384 3456 Secundo.

153 3506 239 3571 haud
253 3521 326 3569 raro
343 3501 466 3583 accidit,
488 3508 525 3566 ut
545 3502 577 3567 in
594 3508 705 3566 nostra
720 3501 899 3567 fabularum
921 3501 1069 3584 congerie
1082 3501 1261 3567 fabularum
1279 3501 1384 3566 exitus

154 3617 269 3697 desint,
290 3614 389 3681 veluti
403 3612 602 3696 Harpalycas
624 3612 732 3678 fabula
747 3632 811 3694 qua
833 3613 873 3678 de
889 3632 1006 3679 caussa
1019 3613 1123 3678 locum
1146 3631 1238 3677 suum
1258 3611 1384 3693 (CCVI)

154 3728 308 3807 obtineat,
341 3726 393 3790 vix
425 3724 592 3807 quisquam
624 3724 813 3806 perspiciat,
850 3724 912 3790 nisi
943 3724 1106 3790 Parthenii
1139 3723 1319 3789 meminerit
1351 3723 1385 3788 in

154 3837 271 3907 Erotio.
287 3838 328 3903 13
350 3836 518 3916 narrantis,
540 3835 742 3918 Harpalycan
765 3837 797 3901 in
820 3836 993 3901 chalcidem
1012 3855 1103 3902 avem
1125 3839 1280 3900 mutatam
1303 3853 1384 3900 esse.

155 3949 302 4017 similiter
316 3947 412 4029 capiti
424 3947 611 4014 CLXXXIV
625 3948 667 4012 ad
681 3947 898 4030 integritatem
914 3947 989 4030 quid
1007 3947 1121 4012 desita
1137 3946 1241 4028 capite
1258 3947 1384 4011 demum

155 4062 262 4129 CCXL
285 4067 317 4126 et
339 4058 460 4125 conlv
490 4059 575 4139 (coll.
598 4077 623 4123 c.
639 4059 699 4136 VI)
729 4059 941 4141 intellegitur;
967 4076 1073 4140 nequa
1102 4057 1239 4140 amplius
1268 4056 1322 4138 qui
1351 4057 1384 4122 in

154 4192 179 4241 c.
196 4172 291 4239 CCLI
312 4170 459 4237 inciderit
478 4168 618 4235 fabulam
632 4171 762 4251 XLVII,
783 4171 987 4252 quantumvis
1000 4169 1206 4251 integerrima
1223 4168 1381 4249 videatur,

155 4284 281 4367 putabit
300 4283 504 4360 incolumem,
534 4281 591 4347 sed
613 4281 645 4345 in
668 4281 747 4346 haec
769 4282 875 4362 potius
899 4282 1014 4347 exiisse
1036 4280 1134 4345 verba
1155 4282 1289 4345 statuet:
1321 4279 1384 4360 ‘qui

155 4396 319 4461 voluntate
334 4393 455 4459 Dionae
478 4392 518 4459 ab
538 4392 648 4458 inferis
670 4392 765 4458 rediit
786 4398 819 4458 et
833 4399 948 4474 postea
962 4392 1090 4458 Virbius
1113 4396 1163 4457 est
1180 4389 1383 4472 appellatus’.
