3082 4950
748 189 791 257 63

642 428 729 495 LXV
750 429 893 528 Alcyone

239 566 323 648 Ceyx
349 564 488 647 Hesperi
517 565 585 632 sive
605 565 744 632 Luciferi
773 573 807 631 et
827 565 1003 632 Philonidis
1032 565 1117 631 filius
1145 583 1216 631 cum
1244 564 1277 630 in
1306 582 1385 635 naue

152 677 255 759 hagio
284 675 417 759 periiset
437 677 578 758 Alcyone
600 677 690 742 Aeoli
717 684 750 742 et
778 673 927 759 Aegiales
954 676 1021 743 filia
1047 697 1127 743 uxor
1156 677 1224 742 eius
1252 680 1385 758 propter

153 807 292 855 amorem
320 788 456 870 ipsese
486 789 518 853 in
548 807 636 854 mare
662 789 894 871 praecipitavit
924 788 978 870 qui
1005 789 1136 855 deorum
1165 787 1384 854 misericordia

153 899 246 966 ambo
267 899 301 964 in
322 917 399 965 aves
421 904 497 964 suut
511 899 634 978 mutati,
656 917 739 980 quae
755 900 904 982 alcyones
924 900 1080 965 dicuntur.
1101 898 1163 965 hae
1178 917 1254 964 aves
1274 898 1384 964 nidum

153 1029 214 1076 ova
228 1009 334 1093 pullos
349 1010 380 1076 in
397 1011 476 1076 mari
498 1009 683 1092 ‘septem’
707 1010 819 1077 diebus
840 1010 962 1077 faciunt
983 1011 1161 1077 ‘hiberno
1184 1008 1414 1093 tempore'.5

152 1141 240 1187 marc
251 1122 302 1187 hIs
318 1121 430 1188 diebus
446 1121 652 1203 tranquillum
667 1129 726 1188 est
741 1141 821 1204 quos
837 1121 907 1189 dies
922 1128 1040 1188 nautae
1055 1122 1200 1204 alcyonia
1212 1121 1384 1206 appellant

551 1258 761 1419 JXXVIIH
781 1322 949 1384 Alcimede

238 1453 454 1538 Ampiaoyoo
474 1476 544 1519 crem
568 1455 692 1520 abesset
715 1457 761 1521 ad
785 1456 1037 1541 capraecedent
1063 1455 1272 1535 Oechaliam,
1295 1457 1383 1520 Alci-

152 1586 247 1632 meaa
261 1568 450 1630 existimate
469 1566 474 1650 l
495 1565 602 1631 locam
625 1571 792 1653 contorpere
806 1588 896 1632 suem
913 1588 1067 1635 esseenm
1083 1567 1233 1632 thalamis
1248 1569 1381 1651 recepit.

152 1680 207 1763 qui
228 1697 298 1742 cum
315 1679 350 1741 ia
366 1676 525 1741 thalamos
544 1677 549 1761 l
568 1661 707 1744 ueemset
725 1687 756 1744 et
776 1681 807 1744 ei
821 1678 970 1762 referret
991 1699 1073 1762 meac
1085 1680 1119 1741 ie
1137 1677 1295 1743 Oechalia
1312 1700 1383 1763 pes·
1395 1679 1434 1743 10

151 1793 256 1869 sisset,
280 1811 321 1854 ea
335 1789 472 1873 crederes
491 1790 495 1874 Ι
515 1791 682 1875 coainpem
699 1812 767 1856 esse
784 1810 854 1854 crem
871 1811 909 1854 eo
928 1789 1106 1854 contribuit.
1130 1791 1185 1872 qni
1200 1797 1266 1855 tam
1283 1789 1384 1871 libeas

151 1922 222 1966 meru
238 1922 279 1965 ea
295 1900 482 1988 concaluit,
512 1908 547 1964 et
562 1920 658 1965 renam
675 1902 759 1966 diem
784 1908 962 1984 usurparet
986 1901 1069 1966 cleos
1091 1883 1201 1966 eccles
1217 1901 1384 1986 conlqemi·

151 2019 262 2091 aeret,
284 2014 333 2075 ita
354 2019 389 2074 et
406 2011 577 2078 Alcimena
593 2020 659 2076 tora
682 2014 811 2098 tanqam
828 2021 954 2077 noctem
977 2014 1219 2078 ammiraretar.
1240 2012 1245 2100 Ι
1264 2021 1381 2098 postca

151 2144 222 2188 eum
243 2124 458 2186 antestaretur
481 2125 511 2186 ei
533 2109 698 2208 contorpere
725 2127 881 2189 victorem
911 2125 1044 2203 edesse,
1076 2126 1203 2189 alicime
1224 2124 1381 2208 curauit!
1446 2183 1449 2191 .

151 2234 238 2320 qaod
258 2236 323 2298 iam
338 2233 479 2319 pectebat
493 2256 528 2299 se
543 2230 709 2319 couirlpcm
725 2257 816 2300 sarem
831 2236 959 2300 cidisse.
984 2237 1039 2319 quui
1054 2257 1123 2300 caaz
1143 2235 1381 2320 [Amphitryon]
1393 2233 1433 2298 15

151 2348 185 2409 ie
206 2347 331 2430 rapiam
350 2343 356 2430 Ι
374 2347 530 2410 intrasset
552 2354 583 2410 et
604 2367 675 2410 eam
694 2347 821 2411 rideret
842 2347 1061 2431 reepleyeattus
1081 2367 1229 2411 eceteram
1248 2349 1254 2429 Ι
1273 2347 1382 2414 mirari

151 2456 257 2540 coepit
278 2460 312 2523 et
332 2456 422 2538 queri
444 2457 529 2539 quod
552 2475 588 2523 se
609 2456 831 2523 advenientem
852 2476 915 2524 non
938 2457 1125 2539 excepisset
1153 2458 1203 2527 cui
1219 2458 1381 2526 Alcimena

152 2568 330 2652 respondit:
360 2568 432 2633 ‘iam
454 2568 577 2650 pridem
600 2567 717 2634 venisti
738 2573 772 2635 et
791 2585 914 2635 mecum
937 2568 1134 2635 concubuisti
1157 2570 1287 2637 etmihi
1308 2589 1381 2636 nar·

150 2680 232 2747 rasti
252 2698 336 2762 quae
356 2679 390 2745 in
411 2679 563 2746 Oechalia
584 2677 763 2762 gessisses.
806 2680 896 2757 Quae
918 2698 990 2747 cum
1011 2679 1104 2763 signa
1125 2680 1231 2749 omnia
1252 2682 1381 2762 diceret,

153 2791 254 2857 sensit
269 2791 479 2874 Amphitryon
498 2810 614 2857 numen
631 2790 761 2874 aliquod
778 2787 933 2877 dutluisse
948 2810 1006 2876 pro
1030 2810 1080 2872 se;
1103 2810 1218 2875 exque
1240 2793 1292 2861 die
1308 2795 1431 2862 cum20

151 2921 191 2968 ea
211 2921 274 2969 non
297 2901 474 2969 concubuit.
504 2920 586 2986 quae
608 2921 648 2969 ex
668 2903 744 2971 Iove
767 2920 950 2986 compressa
970 2903 1097 2988 peperit
1116 2902 1294 2973 Herculem.

318 3098 408 3165 XXX
430 3098 579 3166 Herculis
601 3098 690 3166 athla
709 3099 770 3166 XII
793 3100 833 3167 ab
855 3100 1036 3184 Eurystheo
1056 3102 1214 3194 imperata

237 3234 358 3317 [Infans
380 3253 452 3302 curn
474 3241 562 3303 esset
582 3237 739 3303 dracones
754 3237 878 3304 duabus
893 3238 1038 3305 manibus
1058 3240 1184 3307 necavit
1204 3258 1285 3323 quos
1299 3243 1379 3308 Inno

218 3467 289 3515 LXV
306 3466 364 3531 περὶ
379 3461 521 3528 ’Alsiense
539 3471 570 3519 de
587 3470 690 3532 alcyone
701 3470 835 3519 Dositheus
852 3485 877 3532 p.
889 3472 921 3522 dt
963 3473 1128 3534 aegyalesF
1146 3487 1201 3521 corr
1217 3473 1260 3523 liu
1302 3476 1379 3539 dhy-

149 3562 228 3611 beruo
245 3563 266 3610 F
285 3559 296 3630 ss
315 3549 382 3612 cvm
400 3563 458 3612 idel.
476 3563 513 3612 XI
531 3565 579 3614 745
633 3565 647 3611 6
672 3564 794 3627 alcyonia]
812 3564 881 3614 Serv.
900 3565 969 3628 Virg.
989 3568 1049 3616 Geo.
1067 3566 1080 3614 1
1097 3567 1146 3616 399
1164 3563 1175 3634 ll
1192 3567 1231 3616 De
1247 3569 1380 3620 Philonide

150 3655 237 3706 Conon
256 3662 350 3707 narni
369 3673 393 3718 p.
409 3660 456 3706 132
475 3659 492 3706 b
506 3662 536 3707 11
555 3658 599 3706 ubi
613 3659 718 3720 Hesperi
735 3664 773 3708 ost
789 3659 841 3706 filie

220 3756 234 3801 7
252 3735 419 3801 Alcumenel'
436 3751 528 3813 ubique
562 3750 699 3814 (Alcimena
714 3753 793 3815 Myth.
807 3753 888 3801 Vati
905 3769 929 3816 p.
943 3757 985 3815 24,
1004 3753 1048 3820 95)
1100 3758 1115 3805 8
1133 3757 1283 3818 amphitrion
1301 3761 1378 3808 codex

150 3859 205 3894 corr
222 3846 243 3892 1⁴¹
263 3841 273 3912 [1
291 3840 472 3896 nxrnennun'n
490 3847 566 3895 codex
583 3848 772 3910 expugnandum
789 3848 811 3895 F
863 3851 877 3898 9
895 3859 1027 3896 serranus
1044 3850 1121 3898 codex
1137 3853 1271 3902 aestimans
1285 3855 1306 3901 Ρ
1324 3869 1379 3902 corr

814 3939 1033 3987 enitamliheueeum
1049 3944 1188 3984 meencuhult
1256 3936 1259 3942 ⁴

149 3991 225 4041 Halm
278 3996 311 4042 to
327 3991 431 4053 gesisset
447 3993 468 4040 1⁴¹
486 4006 542 4040 corr
558 3994 579 4040 1⁴¹
596 4008 621 4055 p.
635 3997 649 4042 7
705 3995 734 4041 19
753 4004 902 4042 concursum
919 4005 954 4041 nu
964 4005 1039 4042 onon
1049 4008 1116 4044 nunu
1127 4009 1284 4047 nensrsanr
1301 4000 1379 4048 codex

150 4081 427 4152 lleongemmiuaretl'
489 4089 519 4136 13
543 4085 681 4135 monens
698 4089 776 4137 codex
796 4085 806 4154 ΙΙ
827 4100 1022 4136 humanandum
1039 4092 1115 4140 codex
1176 4096 1208 4141 15
1232 4105 1282 4141 mn
1299 4095 1377 4141 emh*

151 4176 338 4246 {leurmrmos
355 4181 432 4228 codex
450 4183 500 4230 secl
518 4181 567 4229 Seh
618 4183 649 4230 16
668 4194 790 4231 ancum
816 4190 842 4232 ut
858 4184 956 4232 videtur
971 4185 1048 4233 codex
1065 4190 1097 4233 ‘ee
1114 4187 1243 4235 aaraaaem'
1260 4189 1377 4237 Barthius

151 4271 164 4340 ΙΙ
174 4275 339 4335 negligentius
356 4275 377 4320 1⁴*
429 4276 462 4324 20
479 4275 555 4325 luisse
572 4277 593 4322 F
611 4290 666 4325 corr
684 4274 709 4328 Σ

218 4367 292 4415 XXX
310 4368 432 4418 euristheo
449 4369 470 4415 F
488 4383 543 4418 corr
561 4369 648 4418 (lomm
700 4375 732 4420 92
751 4372 840 4434 ware
858 4407 864 4420 .
879 4407 904 4421 ..
922 4371 1007 4423 dicar
1025 4376 1076 4425 secl
1093 4375 1131 4425 Ba
