3082 4950
728 225 804 292 XVI

153 377 309 444 maluerit.
360 379 479 444 Verum
509 382 616 445 tamen
647 380 822 446 solvendae
853 380 1034 463 quaestioni
1064 381 1109 462 ei,
1141 385 1242 463 quotu
1270 381 1388 463 integri

153 490 259 572 operis
279 508 355 573 pars
372 490 508 572 periisse
523 490 679 572 videatur,
700 491 784 556 infra
804 510 934 574 operam
954 492 1151 573 manebimus,
1173 493 1228 557 uhi
1246 494 1387 575 capitum

153 600 562 668 COXfflv—CGLXXVII
584 603 723 668 stamina
742 602 836 668 nobis
855 605 1030 669 retexenda
1049 608 1151 669 amnt
1173 622 1257 668 nunc
1277 605 1387 670 ridea-

152 733 239 794 mus,
269 713 427 796 quomodo
455 713 592 794 scriptor
620 712 723 779 officio
755 733 813 779 suo
842 713 1054 796 patefaciendi
1083 715 1176 781 nobis
1206 715 1387 781 fabularum
1470 780 1475 794 ,

152 825 351 890 heroicarum
374 824 494 889 aditum
518 842 538 888 a
559 843 584 888 c
600 824 688 890 cxss
711 825 913 890 satisfecerit.

236 938 350 1019 Itaque
370 939 448 1001 Inus
479 940 512 1000 et
532 934 690 1002 Chloridis
718 934 835 1002 fabulis
865 937 1007 1002 adnectit
1028 939 1252 1019 Argonautica,
1281 939 1387 1004 Aeoli-

153 1049 328 1130 darumque
354 1046 495 1112 fabulam
524 1047 817 1112 decantatissimum
846 1067 979 1113 exorsus
1009 1067 1029 1113 a
1056 1048 1182 1114 duobus
1209 1051 1301 1115 Aeoli
1330 1050 1386 1115 ab·

152 1160 339 1243 nepotibus,
367 1157 456 1223 Pelia
478 1157 638 1223 Salmonei
666 1159 751 1238 (XII)
782 1164 815 1223 et
843 1160 960 1224 Iasone
981 1158 1108 1225 Crethei
1138 1162 1240 1240 (XIII)
1269 1166 1386 1244 nepote

152 1272 282 1337 deducit
303 1271 345 1336 ad
367 1270 496 1334 Medum
518 1288 620 1350 usque
642 1269 776 1335 Medeae
798 1289 836 1335 ex
858 1272 967 1352 Aegeo
988 1270 1099 1352 filium,
1124 1272 1290 1337 Medorum
1312 1291 1386 1338 con-

152 1385 296 1463 ditorem,
319 1383 397 1446 data
412 1381 446 1444 ni
459 1380 553 1446 fallor
568 1399 675 1462 opere,
696 1385 741 1460 ut,
763 1400 846 1463 quae
859 1382 900 1446 de
913 1383 1023 1463 Aegeo
1040 1383 1172 1464 eiusque
1185 1382 1260 1449 filiis
1276 1389 1386 1449 essent

152 1495 304 1573 dicenda,
335 1492 413 1557 locis
436 1497 671 1573 exponerentur
698 1492 833 1557 diversis
861 1493 988 1574 quidem
1018 1493 1076 1558 sed
1098 1493 1276 1574 aptissimis
1304 1513 1386 1559 neve

152 1611 318 1688 cogeretur
344 1609 420 1687 post
446 1623 471 1668 c
489 1603 663 1669 CXXXVII
685 1603 727 1667 ad
758 1604 893 1669 alterum
914 1604 1014 1669 fflium
1041 1625 1081 1670 ex
1106 1606 1230 1670 advena
1252 1605 1385 1670 muliere

150 1721 353 1800 procreatum
375 1715 529 1780 lectorum
551 1714 674 1778 animos
692 1715 868 1780 advertere.
891 1716 1027 1798 denique
1048 1716 1156 1782 Peliae
1178 1722 1210 1782 et
1225 1716 1334 1781 Iasoni
1350 1716 1386 1781 in

152 1848 178 1896 c.
196 1827 332 1894 XXVIII
354 1827 430 1893 addi
451 1828 549 1891 Otum
575 1830 608 1890 et
634 1825 816 1907 Ephialtem
844 1845 907 1891 non
938 1827 1134 1908 mirandum,
1165 1846 1235 1892 cum
1261 1834 1295 1893 et
1321 1827 1385 1910 ipsi

152 1941 244 2006 Aeoli
260 1940 324 2005 sint
341 1938 527 2020 abnepotes,
544 1936 670 2002 Canace
684 1937 776 2002 Aeoli
790 1936 858 2003 filia
872 1939 988 2020 geniti3
1010 1939 1114 2022 magis
1129 1939 1242 2004 mirum
1256 1944 1386 2021 praeter

152 2072 208 2119 eos
225 2071 265 2117 ex
280 2051 371 2116 Aeoli
391 2051 491 2132 stirpe
509 2047 631 2115 nullum
646 2048 783 2130 amplius
806 2049 950 2114 additum
969 2069 1051 2131 esse,
1074 2052 1134 2116 sed
1149 2051 1184 2115 in
1199 2050 1259 2114 hoc
1279 2050 1386 2132 capite

153 2164 319 2246 abruptius
340 2161 424 2226 finiri
446 2180 553 2226 earum
575 2158 756 2225 fabularum
772 2178 887 2241 agmen
904 2161 994 2227 cuius
1016 2161 1137 2244 primos
1157 2153 1336 2243 manipulos
1351 2161 1385 2226 iu

153 2295 178 2342 c.
196 2275 407 2341 CLXXI-V
435 2271 526 2337 nohis
555 2271 796 2353 deprehendere
824 2271 885 2336 visi
908 2291 1027 2338 sumus.
1058 2292 1168 2338 rerum
1196 2272 1257 2337 hoc
1278 2277 1386 2337 utrum

152 2387 292 2453 auctoris
315 2384 447 2451 consilio
468 2383 587 2448 factum
609 2383 651 2448 sit
673 2401 715 2448 an
741 2400 817 2448 casu
839 2383 982 2448 evenerit
1009 2383 1205 2448 diiudicandi
1227 2383 1386 2450 occasioni

151 2499 235 2564 infra
256 2516 291 2563 se
313 2496 479 2562 oblaturae
501 2513 564 2560 non
587 2493 754 2559 deerimus
798 2494 874 2558 hon
890 2512 910 2558 a
927 2512 953 2559 c.
969 2495 1075 2560 XXIX
1091 2495 1288 2574 (Alcumena)
1304 2495 1386 2560 Her·

152 2610 232 2676 culis
245 2608 386 2675 fabulam
402 2606 614 2688 aggredimur,
634 2606 721 2702 quod
735 2623 812 2672 cave
829 2605 942 2671 credas
960 2611 1181 2687 argumentum
1199 2623 1273 2670 esse
1290 2605 1385 2687 plane

151 2739 276 2787 novum.
318 2721 366 2784 Re
387 2736 465 2783 vera
482 2717 565 2782 enim
582 2722 694 2782 auctor
712 2717 820 2798 capita
833 2717 1138 2797 XXIX-XXXVI,
1159 2716 1234 2783 hcet
1249 2717 1320 2782 iure
1336 2736 1384 2782 re·

151 2832 332 2917 prehendas
354 2831 396 2894 de
413 2828 655 2910 AmphItruonis
672 2828 846 2894 maioribus
863 2828 982 2894 Alcaeo
997 2828 1116 2893 Perseo
1130 2828 1241 2894 Danae
1259 2828 1383 2894 Acrisio

151 2944 229 3009 nihil
252 2941 373 3020 afferri,
400 2938 598 3004 continuavit
626 2938 732 3020 capite
753 2940 866 3005 CLXX
892 2941 1009 3019 (Danai
1029 2939 1141 3021 filiae),
1169 2958 1233 3021 quo
1259 2939 1385 3004 Inachi-

151 3056 264 3120 darum
285 3072 337 3119 res
360 3052 402 3116 ad
424 3056 569 3131 tempora
590 3050 736 3132 Abantis,
758 3051 874 3116 Acrisii
895 3056 1020 3132 patrem
1043 3055 1135 3116 erant
1156 3051 1324 3116 deductae.
1345 3069 1384 3115 ac

36 3166 49 3189 '
151 3162 401 3232 demonstraturi
422 3181 533 3228 sumus
553 3161 688 3226 Abantis
710 3167 860 3244 posteros
881 3162 954 3227 illos
977 3180 1018 3227 ne
1040 3162 1154 3228 deesse
1175 3162 1302 3244 quidem
1324 3163 1384 3228 sed

151 3276 255 3343 locum
276 3275 435 3341 invasisse
462 3275 608 3340 alienum.
653 3273 802 3355 Sequitur
824 3292 845 3338 a
866 3292 892 3339 c.
906 3274 1250 3340 XXXVII—XLVIII
1271 3272 1384 3339 Gerro-

98 3442 101 3448 .
151 3388 299 3471 picorum
320 3387 456 3452 historia
477 3385 583 3467 eapite
600 3391 707 3468 ‘repes
725 3384 973 3448 Atheniensium’
990 3384 1144 3467 inscripto
1161 3384 1318 3450 absoluta
1340 3385 1383 3450 ad

151 3502 234 3566 hanc
257 3499 399 3580 ecapite
414 3497 559 3563 CXXVII
580 3513 636 3560 cur
656 3513 720 3560 non
735 3496 844 3577 inepte
865 3495 1013 3561 videatur
1026 3497 1183 3562 transitus
1198 3494 1266 3561 fieri
1284 3514 1383 3576 supra

151 3612 297 3677 diximus.
319 3609 443 3675 aceedit
457 3608 544 3688 quod
566 3625 629 3671 non
645 3607 834 3688 decipienda
856 3613 925 3673 crat
943 3608 1072 3673 lectoris
1093 3607 1292 3689 exspectatio
1315 3605 1384 3672 fore

151 3728 189 3788 ut
214 3722 344 3787 tandem
373 3720 509 3800 denique
538 3738 601 3783 non
631 3718 725 3783 modo
747 3718 877 3798 Thesei,
905 3737 999 3800 quern
1028 3723 1061 3784 et
1089 3719 1132 3784 ad
1159 3737 1272 3800 aprum
1298 3717 1383 3798 coly-

151 3834 280 3900 donium
294 3832 393 3897 ivisse
408 3835 442 3896 et
456 3832 543 3912 Argo
558 3848 672 3895 navem
694 3830 919 3896 conscendisse
938 3850 964 3896 a
980 3830 1141 3896 CLXXIII
1156 3834 1189 3896 et
1201 3830 1277 3895 XIV
1299 3847 1383 3894 eom-

150 3949 294 4029 pererat,
323 3942 486 4024 praeclare
512 3947 620 4023 gesta,
652 3941 709 4006 sed
731 3941 847 4007 Minois
876 3941 973 4007 etiam
994 3942 1143 4023 Europae
1169 3940 1227 4006 filii
1254 3940 1383 4006 lactea

151 4055 267 4123 Thesei
287 4054 384 4120 rebus
398 4071 461 4118 non
476 4052 569 4118 focile
589 4053 770 4134 separanda
785 4053 978 4118 narrationis
999 4053 1118 4118 lumine
1136 4053 1382 4118 illustrarentur.

150 4168 342 4234 nascebatur
363 4165 490 4247 quidem
513 4183 552 4229 ex
572 4165 633 4229 hoc
649 4183 753 4229 rerum
777 4165 888 4230 ordine
906 4170 1001 4247 atque
1017 4182 1101 4228 nexu
1117 4163 1308 4229 incommodi
1324 4163 1382 4228 ali-

151 4280 236 4360 quid,
252 4282 288 4343 ut
302 4277 343 4341 de
356 4276 550 4342 Philomelae
564 4276 737 4341 Pandionis
752 4275 838 4341 fillae
855 4275 1135 4358 transfiguratione
1146 4275 1381 4356 Erechtheique

150 4389 277 4455 fihabus
299 4406 357 4470 pro
380 4386 505 4470 patriae
527 4386 631 4452 salute
648 4387 820 4452 immolatis
842 4394 918 4469 post
937 4386 1094 4452 Theseum
1115 4387 1241 4452 demum
1265 4386 1381 4452 disseri
