3082 4950
806 224 847 290 32

211 377 316 442 iaculo
331 378 501 460 percussit:
525 397 594 442 eam
609 378 743 460 Satyrus
766 378 866 443 voluit
880 378 1012 443 violare:
1033 379 1089 443 illa
1103 380 1244 461 Neptuni
1265 378 1369 444 fidem·
1385 379 1444 444 im-

212 489 357 571 ploravit.
389 507 451 570 quo
468 470 636 571 Neptunus
659 507 728 554 cum
751 491 901 569 venisset,
924 491 1071 572 Satyrum
1094 490 1202 571 abegit
1224 496 1257 556 et
1276 491 1347 572 ipse
1372 509 1445 556 cum

215 619 253 666 ea
274 600 453 679 concubuit;
486 620 523 664 ex
546 619 607 681 quo
630 605 785 682 conceptu
807 602 950 665 nascitur
971 601 1137 682 Nauplius.
1168 603 1201 666 id
1229 603 1262 667 in
1285 621 1347 684 quo
1370 603 1444 667 loco

213 711 332 777 factum
363 717 413 777 est
441 712 608 793 Neptunus
640 712 755 776 dicitur
783 711 906 776 fuscina
934 714 1132 793 percussisse
1159 718 1276 778 terram
1306 722 1339 778 et
1366 714 1445 778 inde

84 832 87 837 '
183 824 329 904 baquam
351 804 556 905 profluxisse,
588 823 641 905 qui
664 824 826 888 Lernaeus
855 823 925 888 fons
950 823 1053 889 dictus
1083 829 1134 889 est
1164 830 1197 890 et
1219 826 1443 907 Amymonium

213 935 338 1000 flumen.

298 1051 472 1127 Amymone
495 1045 598 1110 Danai
626 1045 693 1109 filia
720 1045 819 1110 missa
849 1051 898 1111 est
926 1065 945 1110 a
974 1051 1067 1128 patre
1091 1065 1205 1127 aquam
1234 1047 1369 1128 petitum
1400 1048 1444 1112 ad

214 1177 337 1223 sacrum
358 1157 548 1222 faciendum,
585 1175 666 1238 quae
689 1158 762 1220 dum
786 1158 911 1238 quaerit
931 1158 1121 1222 lassitudine
1144 1159 1322 1223 obdormiit.
1345 1178 1443 1240 quam

214 1270 347 1351 Satyrus
374 1269 494 1334 violare
522 1267 636 1347 voluit;
667 1268 723 1332 illa
743 1268 1005 1349 Neptunilfidem
1034 1269 1224 1350 imploravit.
1255 1271 1341 1350 quod
1370 1288 1443 1335 cum

164 1382 381 1463 lONeptunus
403 1379 558 1444 fuscinam
586 1379 618 1443 in
642 1379 789 1460 Satyrum
811 1380 967 1458 misisset,
996 1380 1052 1444 illa
1082 1399 1116 1445 se
1147 1381 1179 1445 in
1208 1388 1332 1461 petram
1354 1380 1443 1461 fixit;

213 1492 361 1575 Satyrum
390 1492 559 1572 Neptunus
589 1490 719 1572 fugavit.
751 1490 804 1572 qui
835 1491 931 1554 cum*
959 1499 1128 1572 quaereret
1156 1493 1188 1556 in
1219 1491 1392 1557 solitudine
1423 1510 1443 1556 a

212 1603 330 1686 puelle,
350 1602 406 1667 illa
429 1621 464 1667 so
480 1607 631 1684 aquatum
649 1603 779 1667 missam
803 1620 876 1667 esse
893 1602 972 1667 dixit
995 1621 1014 1667 a
1031 1607 1132 1684 patre,
1164 1622 1257 1684 quarn
1271 1605 1441 1684 Neptunus

213 1714 414 1797 compressit;
448 1715 493 1796 lex
520 1732 583 1795 qua
611 1714 848 1795 compressione
879 1719 974 1778 natus
1006 1719 1055 1779 est
1083 1713 1255 1795 Naupliusl
1287 1734 1345 1795 pro
1377 1734 1441 1796 quo

212 1825 398 1891 beneficium
422 1826 451 1890 ei
470 1824 582 1889 tribuit
596 1824 753 1906 iussitque
772 1825 839 1889 eins
856 1824 1011 1889 distinam
1026 1826 1066 1890 de
1082 1832 1175 1908 petra
1190 1827 1334 1890 educere.
1357 1845 1442 1907 quae

164 1936 204 2001 15
213 1955 284 2002 cum
301 1937 465 2002 eduxisset
480 1940 533 2016 [et]
557 1942 622 2000 tres
637 1936 730 2000 silani
746 1941 820 2000 sunt
837 1937 946 2001 secuti.
978 1937 1031 2017 qui
1048 1956 1086 2001 ex
1101 1939 1294 2018 Amymones
1312 1938 1442 2002 nomine
1500 2023 1507 2033 ο

212 2049 419 2132 Amymonius
435 2047 506 2112 tons
522 2047 703 2129 appellatus
719 2052 776 2112 est.
805 2046 855 2112 hic
871 2053 977 2112 autem
992 2046 1064 2114 fons
1080 2050 1242 2114 Lernaeus
1260 2054 1310 2114 est
1324 2055 1442 2131 postea

213 2160 403 2242 appellatus.

439 2383 550 2449 CLXX
571 2383 672 2447 Filiae
693 2383 796 2447 Danai
818 2401 900 2464 quae
922 2401 1001 2464 quos
1025 2382 1206 2447 occiderunt

213 2541 324 2620 †Idea
346 2538 567 2605 Antimachum
852 2536 1026 2601 Philomela
1048 2535 1218 2600 Panthium

212 2652 319 2734 Scylla
341 2652 521 2716 Proteum
852 2646 1068 2726 tPhicomone
1090 2647 1276 2730 Plexippum

211 2918 235 2963 p.
249 2903 289 2961 ll,
310 2905 340 2949 12
359 2902 435 2949 schol.
455 2899 516 2946 Stat.
535 2899 611 2945 Theb.
629 2900 720 2945 11433
739 2913 761 2958 p.
777 2900 808 2947 66
863 2903 874 2945 1
894 2897 973 2944 incedo
992 2912 1031 2944 om
1049 2899 1119 2944 schol
1138 2895 1148 2963 ss
1169 2898 1306 2958 imploravit
1322 2899 1442 2947 cerellium

212 2997 289 3046 schol.
307 2996 383 3056 myth.
438 2996 451 3041 2
470 2993 535 3052 quod
553 2992 583 3038 N.
603 3007 624 3038 e.
641 2992 745 3039 vidisset
768 2992 843 3053 myth.
862 2992 917 3038 Vat.
939 2988 949 3058 ss
969 2992 1078 3039 venisset
1095 2993 1178 3051 fugato
1197 2992 1285 3054 Satyro
1308 2993 1362 3052 ipse
1386 3009 1443 3040 cam

211 3089 356 3150 compressit
373 3087 441 3136 schol
485 3092 499 3136 3
518 3086 583 3133 coitu
596 3090 666 3133 natus
686 3092 723 3133 est
740 3086 809 3133 schol
844 3088 867 3132 4.
888 3088 902 3132 5
921 3087 1048 3146 Neptunus
1068 3101 1126 3133 vero
1138 3087 1239 3148 cuspide
1252 3087 1340 3133 dicitur
1352 3089 1378 3134 in
1391 3104 1442 3148 quc

210 3187 264 3232 loco
281 3185 444 3244 Amymonem
462 3189 641 3241 compresserat
658 3186 747 3227 terram
764 3181 930 3240 percussisse,
954 3181 1019 3227 unde
1037 3195 1092 3227 cum
1110 3196 1174 3240 aqua
1192 3182 1288 3240 flueret,
1314 3183 1441 3231 Lernaeus

212 3281 266 3329 tons
291 3279 371 3326 dictus
395 3282 432 3324 est
455 3281 479 3324 et
501 3275 592 3322 fluvius
609 3275 771 3336 Amymonius
795 3272 849 3338 (nes
867 3271 946 3338 myth)
971 3275 1041 3322 schol
1062 3271 1072 3341 fl
1092 3276 1176 3334 antec?
1195 3273 1205 3342 ΙΙ
1225 3277 1321 3324 lerneus
1340 3277 1361 3321 F
1384 3292 1442 3325 corr

212 3375 298 3422 Oomm
316 3371 326 3440 u
347 3370 505 3419 amimonium
523 3371 543 3416 F
562 3383 616 3417 corr
635 3369 720 3417 Comm

281 3474 294 3518 t
314 3467 426 3528 ‘repetita
444 3470 481 3513 est
497 3465 558 3512 haec
576 3464 674 3523 fabula,
702 3479 760 3511 nam
784 3465 809 3511 in
827 3464 908 3510 indice
931 3465 1007 3511 semel
1029 3469 1124 3510 tantum
1148 3463 1254 3524 ponitor’
1279 3465 1395 3525 Micyllus
1414 3467 1441 3513 in

210 3564 327 3624 margine.
352 3560 453 3610 seclusit
476 3559 581 3607 Bursian
606 3559 652 3605 IIB
672 3557 754 3605 xont
777 3573 801 3619 p.
817 3559 865 3606 tto
888 3554 897 3624 ΙΙ
922 3558 1044 3605 emimone
1066 3560 1086 3604 N
1111 3573 1165 3605 corr
1188 3557 1275 3605 Oomm
1327 3560 1341 3604 8
1367 3575 1442 3617 qaam

211 3659 267 3705 dom
284 3658 375 3705 frustra
391 3655 434 3702 th
455 3653 465 3719 ΙΙ
486 3652 632 3701 lassitudine
650 3652 791 3713 obdormiit]
812 3654 876 3712 apud
889 3653 1005 3712 Apollod.
1025 3654 1050 3699 11
1071 3656 1092 3713 l,
1112 3655 1128 3699 4
1146 3649 1302 3716 κοιμωμένου
1318 3648 1441 3717 Σατύρου

210 3745 339 3818 τυγχάνει,
363 3751 428 3797 unde
446 3749 485 3795 hic
503 3747 622 3795 excidisse
639 3748 760 3793 nonnulla
777 3747 908 3807 suspiceris
926 3751 983 3807 post
1007 3747 1031 3794 id
1050 3748 1116 3807 quod
1133 3752 1171 3795 est
1188 3745 1298 3807 ‘quaerit'
1317 3761 1336 3793 c.
1355 3762 1382 3793 c:
1413 3746 1443 3812 let

211 3861 303 3894 canam
320 3851 420 3891 aenam
436 3842 573 3903 impendens
591 3841 670 3888 medlo
688 3840 801 3899 Satyrum
819 3840 889 3900 scr-tt,
908 3840 951 3899 qai
965 3838 1013 3903 abii.
1039 3841 1069 3887 cf.
1088 3841 1173 3901 Lange
1191 3855 1214 3900 p.
1229 3843 1261 3889 35
1308 3843 1337 3886 11
1359 3841 1442 3891 ‘abest

210 3939 311 4000 aquuid'
329 3940 377 3987 Sch
395 3938 438 3997 qai
457 3952 509 3984 mem
528 3934 637 4000 trapam,
656 3932 720 3998 potnit
739 3942 862 3993 quamam
879 3936 904 3981 in
922 3935 1048 3982 solitudine
1067 3935 1101 3998 [a]
1117 3935 1208 3995 puella,
1226 3934 1270 3981 clla
1288 3950 1313 3981 se
1330 3937 1392 3982 coni.
1414 3934 1441 3986 Σ

211 4038 242 4084 14
260 4049 332 4093 qnam
348 4048 401 4080 cetea
418 4032 509 4079 frustra
526 4030 569 4077 Mu
606 4031 636 4077 15
656 4029 695 4091 [et]
714 4029 764 4077 secl
783 4028 831 4076 Soh
849 4029 966 4078 Heinsius
979 4027 988 4095 Η
1010 4029 1091 4090 silanI]
1112 4029 1214 4076 ‘silanus
1232 4025 1321 4092 κρήνη’
1340 4031 1441 4090 glossae

211 4127 365 4195 llamimonis
382 4128 402 4172 F
420 4123 561 4183 Antrymonis
580 4124 665 4170 Comm
689 4138 744 4170 corr
763 4122 822 4169 Stav
876 4128 905 4172 16
925 4130 969 4170 cst.
993 4140 1021 4172 ex
1040 4139 1088 4184 qua
1111 4123 1292 4182 compressIone
1310 4127 1382 4172 natus
1402 4132 1442 4173 cst

209 4224 338 4284 NaupIIus.
358 4223 397 4267 hic
416 4222 435 4265 1⁴¹
453 4220 507 4266 trai.
527 4216 550 4267 Σ
568 4224 625 4278 post
643 4216 802 4277 ‘compressit’
821 4218 836 4263 l.
854 4219 882 4264 1³
905 4215 915 4283 ΙΙ
936 4220 1033 4265 lerneus
1051 4218 1072 4262 F
1089 4232 1143 4264 corr
1162 4217 1247 4264 Comm

279 4319 311 4365 18
334 4316 428 4363 Idaea?
458 4313 560 4359 MIdea?
589 4311 736 4358 Pandionem
754 4312 792 4358 ltu
817 4313 871 4358 coll.
890 4313 1006 4372 Apollod.
1019 4313 1044 4358 II
1064 4315 1090 4370 l,
1110 4314 1124 4359 5
1144 4310 1292 4358 Pantheum?
1328 4313 1358 4358 to
1378 4312 1440 4358 Pro-

210 4416 274 4458 team
297 4412 317 4456 P
342 4425 396 4458 corr
421 4408 507 4456 Oomm
531 4402 542 4473 ΙΙ
569 4407 656 4454 fratres
682 4409 707 4453 et
730 4419 827 4453 sorores
852 4408 975 4467 patrueles
999 4406 1031 4454 ab
1058 4406 1207 4466 Apollodoro
1234 4410 1440 4455 commemoratos
