3082 4950
787 220 849 284 110
916 190 919 195 ’

593 456 723 522 CXXVI
744 458 870 540 Ulyssis
894 459 1031 540 cognitio

285 592 419 675 Ulysses
434 593 475 658 ab
491 593 622 658 Alcinoo
637 612 714 674 rege
730 595 758 659 N
760 594 926 679 ausiclalae
941 600 1033 675 patre
1049 613 1120 661 cum
1143 602 1231 663 esset
1245 597 1434 665 muneribus

200 703 355 768 dimissus
367 702 533 785 naufragio
548 703 633 770 facto
651 706 755 769 nudus
768 706 911 771 Ithacam
927 706 1127 788 pervenitad
1143 709 1305 789 quandam
1326 728 1436 776 casam

200 833 306 895 snam,
338 815 390 880 ubi
416 822 486 880 erat
511 815 637 880 nornine
662 817 822 883 Eumaeus
846 817 975 898 sybotes
1003 817 1073 897 [hoc
1099 823 1149 883 est
1173 819 1327 886 subulcus
1350 827 1437 904 Jspa·

200 927 303 1006 coris].
325 945 418 1008 quem
437 926 525 991 canis
548 944 618 991 cum
635 933 825 1009 agnosceret
847 934 879 994 et
901 929 930 993 ei
948 928 1154 1010 blandiretur,
1177 931 1340 997 Eumaeus
1362 951 1436 998 eum

170 1041 262 1106 5non
285 1037 543 1120 recognoscebat,
566 1039 714 1118 quoniam
730 1038 874 1104 Minerva
897 1059 967 1105 eum
991 1048 1024 1105 et
1040 1040 1184 1106 habitum
1206 1041 1276 1108 eius
1295 1061 1437 1109 commu·

199 1155 333 1215 taverat.
378 1149 538 1214 Eumaeus
565 1167 636 1213 eum
658 1149 784 1230 rogauit
805 1152 890 1216 unde
917 1156 1013 1216 esset.
1047 1155 1100 1232 [et]
1128 1151 1182 1219 ille
1203 1152 1263 1234 ait,
1296 1173 1334 1220 se
1356 1173 1437 1221 nan·

198 1260 300 1343 fregio
322 1261 385 1325 huc
406 1259 599 1342 pervenisse.
627 1279 720 1342 quem
744 1279 813 1326 cum
836 1266 947 1343 pastor
968 1262 1196 1345 interrogaret,
1218 1283 1259 1329 an
1281 1265 1436 1347 Ulyssem

198 1372 342 1452 vidisset,
364 1371 444 1437 dixit
466 1390 502 1436 se
524 1370 671 1436 comitem
698 1372 766 1437 eius
789 1391 861 1438 esse
890 1379 922 1438 et
944 1373 1037 1456 signa
1059 1380 1092 1441 et
1113 1381 1304 1457 argumenta
1326 1377 1435 1460 coepit

200 1483 313 1550 dicere.
344 1501 436 1565 quern
459 1502 531 1548 mox
552 1483 712 1548 Eumaeus
742 1501 820 1549 casa
839 1483 974 1566 recepit,
1003 1484 1073 1551 cibo
1103 1490 1244 1567 potuque
1267 1487 1433 1554 animavit

149 1601 190 1665 10
199 1596 269 1674 Quo
292 1614 362 1661 cum
380 1592 544 1660 venissent
564 1591 674 1659 famuli
696 1593 787 1659 missi
804 1594 900 1660 solito
922 1614 1009 1661 more
1024 1614 1141 1678 pecora
1156 1597 1302 1678 petitum,
1324 1603 1358 1664 et
1380 1599 1437 1665 ille

198 1707 429 1790 interrogasset
449 1707 625 1770 Eumaeum
648 1705 702 1787 qui
725 1712 843 1787 essent,
868 1707 928 1772 ait:
950 1711 1034 1788 ‘post
1056 1707 1183 1790 Ulyssis
1205 1708 1435 1790 profectionem

199 1838 270 1885 cum
299 1820 361 1884 iam
391 1823 518 1898 tempus
546 1817 829 1898 interlinlcederet,
861 1819 949 1898 proci
977 1819 1157 1900 Penelopen
1188 1818 1219 1885 in
1250 1820 1435 1903 coniugium

199 1935 346 2012 petentes
365 1933 533 2006 venerunt3
557 1947 636 2009 quos
658 1928 714 1992 illa
735 1929 916 1994 conditione
938 1929 983 1994 ita
1005 1930 1123 1995 differt:
1145 1948 1234 2012 „curn
1257 1931 1358 1998 telam
1379 1933 1435 1999 de·

200 2048 348 2120 texuero,
369 2039 505 2105 nubam“
528 2044 636 2120 (quam
652 2039 818 2104 interdiu*
840 2040 1020 2122 deterrebat,
1042 2042 1142 2107 etsie
1164 2061 1219 2108 eos
1240 2041 1436 2125 differebat).

39 2240 43 2249 ¹
150 2157 284 2222 15nunc
300 2158 405 2217 autem
427 2150 472 2216 illi
489 2169 559 2215 cum
582 2150 705 2216 ancillis
723 2151 850 2233 Ulyssis
868 2151 1070 2217 discumbunt
1088 2159 1121 2217 et
1136 2171 1254 2234 pecora
1269 2152 1340 2219 eius
1358 2172 1435 2221 con·

200 2263 348 2330 sumunt'.
392 2263 480 2328 Tunc
501 2261 646 2326 Minerva
668 2261 803 2344 effigiem
826 2281 916 2328 suam
939 2264 968 2328 ei
990 2264 1145 2329 restituit:
1172 2264 1278 2330 subito
1301 2266 1435 2347 sybotes

199 2382 236 2442 ut
257 2376 337 2441 vidit
358 2374 505 2457 Ulyssem
529 2369 602 2438 esse
623 2379 736 2438 tenens
760 2374 1018 2456 amplectensque
1040 2374 1197 2441 lacrimari
1225 2375 1333 2458 coepit
1353 2397 1434 2460 prae

200 2488 316 2572 gaudio
346 2491 379 2551 et
401 2485 550 2551 admirari
576 2483 653 2566 quid
680 2490 770 2550 esset
800 2484 879 2551 illud
909 2487 994 2567 quod
1022 2505 1094 2551 eum
1119 2487 1356 2554 immutaverat.
1383 2490 1437 2555 cui

200 2601 333 2683 Ulysses
349 2598 409 2662 ait:
432 2597 581 2662 ‘crastino
595 2595 648 2660 die
663 2597 782 2677 perduc
797 2615 847 2660 me
868 2596 901 2660 in
921 2596 1043 2678 regiam
1058 2598 1100 2662 ad
1115 2597 1316 2681 Penelopen’.
1339 2618 1436 2682 qoem

148 2716 191 2781 20
201 2730 270 2777 cum
286 2712 426 2788 duceret,
442 2708 586 2773 Minerva
601 2707 630 2771 ei
645 2708 757 2772 iterum
773 2706 886 2772 faciem
901 2707 1038 2773 mendici
1053 2708 1299 2775 transformavit
1332 2710 1436 2789 Quem

200 2841 270 2888 cum
286 2822 445 2886 Eumaeus
468 2819 510 2882 ad
524 2823 702 2883 mnesteras
717 2817 920 2900 perduxisset
942 2825 974 2884 et
989 2837 1059 2883 cum
1074 2819 1197 2885 ancillis
1214 2819 1274 2905 lillil
1294 2821 1435 2888 discum-

200 2934 319 3011 berent,
342 2931 386 2995 ait
408 2930 450 2994 ad
471 2929 559 2993 illos:
581 2928 715 2993 ‘habetis
739 2946 811 2993 ecce
833 2928 969 2994 alterum
990 2930 1183 3011 mendicum,
1212 2930 1266 3012 qui
1287 2948 1362 2997 cum
1380 2933 1434 2999 Iro

200 3063 257 3110 vos
280 3038 434 3108 delectet'.
461 3044 537 3104 tunc
558 3038 753 3104 Melanthius
775 3058 857 3105 unus
888 3059 905 3105 e
928 3040 1141 3108 mnesteribus
1164 3041 1222 3108 ait:
1253 3041 1327 3108 ‘imo
1350 3043 1437 3118 inter

201 3175 237 3224 se
258 3157 434 3232 luctentur,
456 3156 489 3216 et
510 3151 611 3215 victor
633 3151 767 3232 accipiet
788 3151 997 3218 ventriculum
1018 3152 1136 3218 fartum
1159 3158 1192 3218 et
1212 3153 1437 3237 harundinem,

149 3267 283 3335 iliande
306 3266 422 3332 victum
449 3260 560 3329 eiciat’.
604 3261 758 3339 Quicum
784 3262 896 3328 luctati
920 3269 1031 3330 essent
1057 3270 1089 3330 et
1111 3263 1245 3346 Ulysses
1266 3265 1357 3330 Iram
1378 3285 1437 3350 ap

198 3380 352 3463 plosisset
374 3381 470 3458 atque
492 3393 563 3438 eum
579 3373 734 3454 eiecisset,
755 3375 916 3449 Eumaeus
931 3375 963 3439 in
978 3375 1114 3441 mendici
1128 3393 1267 3458 persona
1281 3374 1436 3460 Ulyssem

201 3491 242 3556 ad
257 3489 436 3572 Eurycliam
452 3485 606 3551 nutricem
628 3484 778 3567 perduxit
792 3485 930 3567 dicitque
953 3505 1024 3552 eum
1046 3487 1165 3552 socium
1179 3486 1306 3569 Ulyssis
1323 3487 1437 3573 fuisse,

201 3601 250 3667 cni
273 3599 367 3666 cum*
389 3598 494 3678 vellet,
516 3597 649 3679 Ulysses
673 3596 701 3661 ei
724 3615 761 3662 os
784 3597 989 3679 compressit,
1011 3604 1107 3681 atque
1130 3599 1308 3681 Penelopen
1334 3601 1436 3668 etiam

269 3834 375 3881 cxxvr
398 3832 490 3892 agnam
515 3832 589 3878 index
650 3833 660 3876 r
685 3831 801 3879 nausiet
818 3831 843 3877 u.
861 3845 875 3878 a
893 3826 1016 3890 numam,
1034 3832 1054 3878 n
1073 3812 1165 3878 comm'
1219 3834 1234 3880 a
1260 3830 1294 3897 {a
1312 3831 1435 3899 my

199 3929 309 3976 Ithacam
327 3925 417 3976 coni2
460 3926 610 3983 3sub1daua,
624 3924 754 3984 porcarius
773 3925 828 3972 coni
847 3922 872 3974 Σ
924 3927 939 3972 6
960 3926 998 3989 [et]
1018 3927 1069 3974 secl
1087 3922 1113 3974 Σ
1157 3925 1171 3971 9
1192 3921 1226 3993 let}
1246 3925 1299 3974 eido
1317 3930 1393 3978 malit
1410 3927 1435 3979 Σ

200 4025 233 4072 12
250 4021 404 4070 iateroederet
421 4020 468 4068 Sch
487 4018 497 4086 ΙΙ
519 4021 663 4081 penelopem
680 4019 701 4065 F
723 4019 854 4080 penelopen
871 4019 914 4066 Mu
968 4022 999 4068 13
1018 4022 1068 4068 tela
1085 4021 1109 4067 h.
1127 4034 1140 4067 e
1164 4017 1214 4068 talei
1231 4021 1251 4068 E
1269 4036 1327 4069 corr
1345 4023 1436 4073 comm

201 4123 233 4168 14
251 4115 346 4181 'tectam
362 4112 439 4181 noda}
458 4115 576 4162 reteaebat
593 4113 701 4162 conicias
726 4127 772 4173 ope
789 4114 899 4172 Barthii,
924 4115 968 4162 sed
992 4121 1091 4163 servato
1113 4116 1139 4162 id
1162 4115 1229 4176 qnod
1246 4119 1285 4164 est
1301 4115 1438 4167 demebat
1469 4100 1472 4107 Ι

200 4211 349 4274 praestiterit
367 4208 461 4274 luctam
479 4226 530 4255 carm
543 4209 604 4255 clam
619 4215 690 4254 crecta
708 4214 822 4254 ueterem
832 4224 954 4268 numquam
965 4207 1016 4275 illc}
1030 4209 1152 4256 &mactra
1199 4214 1228 4259 ll
1248 4212 1403 4274 lachrymam
1416 4215 1437 4261 l?

203 4309 233 4355 m
252 4307 396 4368 penelopem
413 4303 434 4349 o
495 4305 527 4352 ao
550 4301 589 4367 lau
613 4301 718 4348 maara
732 4301 811 4348 aaran
870 4305 900 4350 ar
927 4303 977 4369 putu
997 4303 1045 4351 sen
1105 4303 1278 4353 nannenus
1296 4306 1358 4355 ulo.
1377 4309 1393 4357 r.
1412 4324 1437 4356 m

202 4404 235 4450 24
247 4402 340 4449 farsum
352 4400 373 4446 p
381 4398 479 4458 sartam
490 4396 540 4444 Sch
575 4398 607 4445 25
619 4396 707 4444 iterum
718 4397 740 4443 E
751 4396 777 4443 r'a
787 4402 878 4443 terram
890 4397 947 4445 Mic.
961 4397 977 4444 i.
990 4413 1015 4446 m
1032 4397 1099 4445 Iram
1111 4398 1173 4447 luda
1183 4398 1307 4448 Boeotias
1345 4403 1380 4451 28
1396 4402 1438 4451 cni
