3082 4950
731 212 807 279 XIV

153 363 246 430 simul
268 364 517 447 perstringeret:
539 365 637 430 nihilo
659 370 767 431 tamen
783 366 887 432 secius
902 385 1006 449 neque
1019 366 1163 432 Nebulae
1185 385 1289 448 neque
1303 367 1385 433 The-

152 475 291 557 mistoni,
307 495 387 559 quas
402 477 486 541 idem
503 477 636 542 duxerat
651 482 726 542 ante
741 479 798 544 Ino
813 497 937 560 uxores,
956 478 1076 560 primas
1093 477 1247 544 detulisse
1262 478 1385 543 fabula-

151 590 267 667 torem,
298 589 356 653 sed
378 588 484 666 Inoni,
516 588 704 654 documento
733 607 805 655 esse
828 595 936 671 potest
963 596 1060 672 caput
1080 589 1125 654 Vl
1148 588 1310 671 (Cadmca
1336 590 1384 654 in·

152 698 319 780 scriptum)
342 699 427 780 quod
449 699 524 764 addi
546 699 607 765 nisi
630 719 650 764 a
672 700 827 782 scriptore
854 701 1009 767 delirante
1037 720 1100 766 non
1122 704 1264 783 poterat,
1292 701 1384 766 side

152 809 355 875 Aeolidarum
376 810 484 892 potius
499 810 584 891 fatis,
607 829 700 892 quam
725 812 764 876 de
780 818 875 893 gente
891 812 1032 879 Cadmea
1054 814 1214 878 disserere
1237 811 1296 877 sibi
1311 830 1383 892 pro·

151 925 312 1001 posuerat.
363 921 454 999 Quod
486 922 514 986 si
544 921 683 1004 capitum
713 920 1188 1002 cxxxvlii-ommium
1221 927 1257 987 ut
1285 941 1385 1004 supra

152 1032 449 1109 demonstravimus,
471 1037 593 1113 septem
618 1033 790 1099 novissima
809 1035 997 1116 (CLXXXII
1018 1038 1100 1117 sqq.)
1124 1034 1165 1099 ad
1188 1040 1254 1099 tres
1273 1034 1384 1099 Cadmi

150 1141 233 1208 filias
255 1144 425 1225 pertiuent,
448 1144 594 1208 Semelen
616 1145 744 1225 iuquam
767 1146 851 1211 Iovis
872 1146 1003 1211 fulmine
1025 1164 1211 1228 percussam
1235 1151 1266 1211 et
1284 1147 1383 1210 Auto-

151 1274 232 1319 noen
256 1256 427 1320 Actaeonis
451 1261 584 1319 matrem
601 1257 798 1337 Agaueuque
815 1258 947 1322 Penthei
971 1259 1069 1324 caede
1090 1257 1244 1339 pollutam
1259 1257 1383 1338 Illyrio-

149 1385 282 1448 rumque
297 1354 365 1448 regi
382 1367 597 1450 Lycothersae
611 1373 752 1449 nuptam,
775 1368 815 1433 ab
836 1369 897 1434 hac
916 1373 1001 1434 certe
1021 1373 1113 1451 parte
1127 1368 1270 1451 proxime
1286 1369 1383 1433 attin-

151 1483 231 1559 gunt
257 1496 312 1543 eos
342 1477 500 1559 congeriei
528 1478 728 1560 Hyginianae
758 1480 926 1560 terminos,
957 1497 1037 1562 quos
1066 1481 1230 1561 hucusque
1258 1484 1382 1560 partem

151 1588 389 1672 genealogIcam
413 1595 559 1670 spectare
580 1590 725 1656 diximus.
752 1609 856 1672 neque
879 1592 918 1656 de
940 1592 1106 1657 eximendo
1129 1597 1185 1656 aut
1207 1590 1382 1656 traiciendo

151 1719 175 1766 c.
193 1702 239 1766 VI
261 1700 397 1782 amplius
418 1701 559 1782 cogitare
574 1701 691 1782 licebit,
713 1703 830 1784 quippe
848 1721 910 1783 quo
925 1706 1000 1784 post
1017 1704 1145 1785 Agaues
1164 1702 1292 1785 nuptias
1307 1702 1383 1785 Illy-

149 1812 232 1878 ricas
260 1811 365 1893 capite
387 1812 601 1878 CLXXXIVA
622 1813 742 1878 relatas
772 1818 858 1878 recte
886 1819 983 1894 atque
1004 1815 1115 1879 ordine
1137 1818 1299 1894 narretur,
1329 1814 1383 1895 qui

148 1923 268 1988 iactum
284 1922 327 1988 sit
348 1927 384 1987 ut
400 1923 549 2004 Cadmus,
571 1924 620 1988 cui
641 1923 836 2005 Lycotherse
856 1923 1024 1989 interiecto
1044 1944 1175 2006 regnum
1198 1924 1299 1989 afilia
1317 1929 1382 1990 tra·

151 2035 253 2100 ditum
276 2053 348 2100 esse
371 2053 388 2098 e
410 2052 435 2099 c.
454 2035 561 2100 CCXL
583 2039 617 2100 et
638 2035 763 2101 OOLIV
784 2035 973 2117 accipimus,
995 2035 1027 2099 in
1048 2035 1177 2117 Illyriae
1197 2034 1381 2116 regionibus

151 2165 221 2211 cum
238 2146 414 2211 Harmonia
436 2164 534 2210 uxore
557 2146 670 2211 suain
693 2147 848 2211 dracones
871 2146 936 2211 sint
953 2147 1107 2212 conversi.
1129 2147 1296 2212 restabant
1314 2147 1382 2229 qui-

151 2259 222 2323 dem
249 2257 300 2321 vel
328 2257 375 2323 sic
402 2256 555 2339 plurima,
586 2276 668 2338 quae
697 2258 737 2322 de
760 2257 869 2322 Cadmi
891 2258 1061 2339 nepotibus
1086 2263 1180 2323 erant
1200 2240 1381 2323 referenda:

152 2376 248 2452 atque
271 2369 377 2451 capite
397 2369 499 2434 LXVI
527 2387 598 2434 cum
620 2373 781 2434 auctorem
811 2369 852 2434 ad
875 2369 987 2433 Laium
1015 2368 1166 2450 Polydori
1187 2368 1298 2435 Cadmi
1324 2369 1381 2434 filii

150 2486 298 2563 nepotem
319 2481 453 2546 rediisse
475 2480 640 2545 videamus
669 2479 779 2561 quaeri
806 2498 884 2545 sane
906 2480 1040 2561 poterit,
1071 2499 1134 2562 qua
1161 2498 1278 2545 caussa
1299 2498 1381 2544 com-

150 2599 256 2658 motus
270 2593 333 2673 ille,
354 2597 464 2657 tenore
478 2591 672 2658 narrationis
687 2597 763 2673 post
786 2609 811 2656 c.
828 2592 874 2656 VI
889 2591 1077 2674 interrupto,
1100 2609 1126 2656 a
1139 2591 1303 2657 VII—XI
1320 2591 1381 2656 hoc

150 2703 220 2769 loco
250 2692 369 2769 addere
398 2722 492 2785 quam
525 2703 683 2784 capitibus
706 2702 1051 2769 CLlea-OLXXVI
1080 2702 1284 2784 praemittere
1314 2720 1381 2766 ma-

150 2814 258 2880 luerit:
281 2815 374 2879 rideo
390 2819 506 2891 tamon,
525 2815 566 2878 ad
583 2815 663 2878 haec
680 2831 762 2894 quae
776 2814 963 2894 responderi
979 2813 1113 2894 possint
1142 2812 1282 2879 Habebit
1298 2813 1380 2877 enim

150 2926 296 3007 Hyginus
327 2924 563 2991 excusationem
593 2928 739 3006 paratam
771 2942 788 2988 e
817 2923 992 3003 Chloridis,
1023 2923 1209 3005 Amphionis
1238 2922 1381 2989 Thebani

150 3036 247 3118 filiae,
277 3055 347 3102 cum
368 3035 468 3101 Neleo
491 3034 651 3116 Pyliorum
674 3054 748 3116 rege
776 3034 924 3115 conubio,
954 3035 1007 3116 qui
1030 3053 1100 3100 curn
1123 3035 1246 3115 Peliae,
1277 3053 1301 3099 c.
1317 3034 1380 3098 XII

151 3146 402 3227 commemorati,
432 3145 528 3210 fuerit
554 3144 654 3210 frater
683 3145 826 3211 uterinus
854 3165 893 3211 ex
919 3146 1002 3228 Tyro
1029 3146 1189 3212 Salmonei
1217 3144 1283 3210 filia
1307 3163 1381 3227 pro-

151 3265 290 3341 creatus,
321 3261 455 3341 apparet
475 3261 642 3338 utramque
663 3256 884 3322 Thebanorum
908 3275 1016 3338 rogum
1040 3257 1153 3322 seriem
1175 3256 1380 3321 Aeolidarum

151 3371 246 3454 genti,
262 3371 302 3436 ad
317 3369 405 3435 cuius
417 3369 555 3433 fabulam
569 3367 763 3433 transiturus
775 3372 846 3433 erat
855 3368 1117 3450 mythographus
1130 3366 1258 3433 affinem
1270 3367 1380 3447 fuisse,

151 3483 284 3549 alteram
305 3483 383 3546 Inus
411 3486 443 3544 et
466 3479 686 3560 Athamantis,
718 3479 850 3544 alteram
873 3479 1032 3545 Chloridis
1054 3483 1087 3544 et
1111 3478 1202 3544 Nelei
1224 3477 1380 3559 coniugio.

235 3594 302 3658 Nec
324 3591 444 3657 laxiore
466 3590 601 3671 vinculo,
623 3609 718 3672 quam
742 3608 804 3671 quo
826 3589 1020 3655 exulantium
1043 3590 1181 3672 capitum
1205 3593 1379 3654 extremum

149 3704 252 3789 primo
270 3702 449 3769 fabularum
468 3701 566 3784 capiti
580 3706 724 3783 aptatmn
739 3705 798 3780 est,
821 3699 917 3766 etiam
940 3700 1017 3765 iliud
1039 3701 1125 3782 quod
1140 3719 1255 3782 agmen
1270 3719 1379 3764 eorum

149 3816 279 3883 duxisse
301 3813 457 3879 credimus
475 3832 546 3877 cum
568 3818 731 3893 postrema
748 3810 1007 3894 genealogiarum
1029 3816 1123 3893 parte
1140 3828 1292 3876 conexum
1320 3816 1379 3876 est.

149 3948 221 3994 nam
246 3945 316 3992 cum
338 3924 495 4006 capitibus
514 3922 800 4002 CLV—CLXIII,
822 3923 992 3989 dummodo
1015 3941 1097 4004 quae
1118 3922 1282 4003 hucusque
1304 3925 1380 3986 sunt

150 4041 315 4122 disputata
329 4034 536 4118 probabiliter
553 4034 641 4100 dicta
657 4035 731 4114 sint,
752 4033 842 4098 locus
857 4033 1054 4116 relinquatur
1069 4033 1185 4116 nullus,
1205 4033 1268 4098 nisi
1283 4031 1380 4113 capiti

149 4150 341 4218 CXXXVIII
362 4147 533 4229 proximus,
555 4145 701 4227 protinus
722 4164 809 4210 more
826 4144 922 4226 plane
942 4144 1104 4210 Hesiodeo
1121 4143 1380 4226 genealogiarum

149 4268 298 4343 excerpta
320 4278 389 4325 cum
412 4258 538 4322 divinae
553 4257 652 4338 prolis
668 4257 813 4338 catalogo
835 4256 868 4320 in
891 4275 988 4321 unum
1010 4256 1231 4336 corpusculum
1255 4260 1379 4334 coeunt,

150 4375 234 4439 unde
256 4370 457 4438 manifestum
487 4373 551 4448 est,
581 4373 705 4449 septem
726 4371 760 4431 et
781 4366 996 4461 quadraginta
1021 4364 1078 4432 illa
1105 4365 1212 4448 capita
1238 4367 1279 4432 de
1302 4367 1379 4432 sede
