3082 4950
617 171 622 183 ’
726 219 804 284 vm

140 332 360 439 ¹contenderis.
391 374 530 451 Quorum
545 373 632 438 haud
649 373 714 439 scio
732 392 773 439 an
786 373 1110 440 incommodissimum
1123 371 1203 439 illud
1218 371 1271 454 sit,
1291 372 1378 454 quod

38 514 41 521 ·
152 501 177 549 c.
195 484 378 550 CLXXXII.
399 484 448 548 IlI
476 484 582 551 subito
609 503 672 551 non
701 487 795 551 modo
823 485 866 550 ad
892 484 1011 551 Oceani
1036 483 1122 550 Iovis
1151 484 1292 550 nutrices
1320 483 1379 550 sed

152 594 247 660 etIam
264 614 415 678 equorum
430 595 513 661 Solis
527 595 749 678 Horarnmque
766 596 895 662 nomina
910 614 1104 662 revocamur.
1126 615 1188 678 qno
1204 596 1288 661 enirn
1305 614 1379 660 oon·

152 705 239 787 silio,
269 724 309 772 ne
338 706 414 788 quid
437 707 477 771 de
497 706 609 789 inepta
628 706 835 789 inscriptione
857 705 1003 789 (Oceani
1023 705 1133 791 filino)
1156 707 1274 788 dicam,
1300 725 1381 772 neve

152 835 346 899 urgueamus
361 820 424 885 duo
447 819 553 900 capita
574 824 686 900 aperte
706 817 739 883 in
760 837 858 884 unum
880 818 1025 899 conflata
1047 822 1208 885 auctorem
1230 823 1380 900 putemus

152 947 191 994 eo
212 929 318 994 induci
336 930 482 1012 potuisse
503 935 540 994 ut
560 930 622 995 hoc
643 929 712 995 loco
734 931 775 995 de
793 930 877 996 Iovis
893 930 1073 1012 Bacchique
1094 929 1270 995 nutricibus
1290 928 1381 994 labu-

151 1040 295 1106 laretur?
328 1059 517 1123 quamquam
541 1040 626 1123 qnod
649 1041 770 1106 auctori
791 1060 854 1107 non
875 1041 979 1121 licuit,
1008 1042 1068 1107 hoc
1088 1040 1227 1106 domasse
1247 1040 1382 1106 indulsit

152 1151 213 1218 sibi
235 1152 473 1234 interpolatoris
496 1151 670 1232 arbitrium,
691 1171 784 1234 quem
806 1170 877 1218 cnm
898 1134 1049 1218 maiorem
1071 1152 1185 1234 capitis
1208 1151 1383 1218 CLXXXII

152 1269 292 1346 partem,
315 1270 350 1328 ut
372 1283 431 1345 par
452 1268 519 1344 est,
539 1270 616 1345 post
637 1283 663 1328 c.
681 1264 886 1331 CLXXVIIII
907 1265 1094 1330 collocatam
1114 1264 1302 1345 reperisset,
1323 1262 1382 1327 ibi-

153 1394 214 1456 que
236 1375 354 1440 Bacchi
375 1374 516 1440 nutrices
536 1375 775 1441 commemorari
796 1374 940 1456 vidisset,
962 1376 1002 1441 de
1024 1375 1185 1440 suolonis
1206 1374 1302 1440 etiam
1324 1393 1383 1438 nu-

152 1486 247 1552 trices
270 1486 436 1551 addidisse
459 1486 613 1568 suspieor,
641 1493 675 1551 at
697 1493 793 1569 caput
815 1487 1005 1554 CLXXXIII
1026 1486 1169 1569 quisquis
1190 1486 1298 1552 intulit
1320 1503 1384 1566 qua

152 1598 283 1663 tandem
300 1601 406 1663 mente
417 1597 560 1663 intulerit
574 1617 638 1664 non
653 1616 817 1680 assequor.
854 1598 998 1664 Coniciat
1013 1598 1171 1680 quispiam
1188 1597 1271 1664 Solis
1287 1616 1383 1679 equo

152 1729 222 1774 rum
245 1709 437 1774 mentionem
459 1709 500 1773 ad
521 1709 724 1775 Phaethonta
745 1710 912 1792 pertinere,
933 1710 1071 1791 indeque
1094 1711 1136 1775 ad
1150 1710 1256 1775 Horas
1277 1709 1383 1789 etiam,

153 1819 270 1901 qnippe
292 1839 373 1902 quae
396 1820 480 1885 Solis
503 1838 601 1902 equos
624 1821 729 1885 currui
750 1821 883 1903 iungere
905 1819 1019 1887 solitae
1043 1822 1121 1901 sint,
1146 1819 1295 1885 facillime
1317 1838 1385 1885 ser·

153 1950 277 1996 monem
293 1931 399 1996 delabi
414 1931 576 2014 potuisse;
599 1938 634 1996 at
647 1951 759 1997 vereor
779 1932 925 2013 equidem
948 1950 989 1997 ne
1003 1932 1084 1998 haec
1097 1932 1180 1996 ratio
1202 1951 1264 1997 non
1280 1931 1383 2013 magis

152 2042 281 2124 probari
311 2042 433 2124 possit,
462 2061 557 2124 quam
580 2042 729 2108 Bursiani
757 2048 967 2109 commentum
995 2043 1049 2126 qni
1070 2044 1136 2124 p.9
1164 2048 1266 2108 totum
1290 2046 1386 2125 caput

154 2154 374 2220 CLXXXVIII
396 2173 433 2219 ex
448 2154 568 2237 Hygini
584 2154 842 2236 genealogiarum
862 2154 942 2219 libro
958 2155 1099 2220 secundo
1114 2161 1297 2236 excerptum
1313 2172 1386 2220 esse

153 2265 336 2347 suspicatus
360 2271 418 2330 est.
461 2267 606 2347 Namque
627 2283 740 2348 parurn
755 2265 927 2331 verisimile
941 2266 1069 2332 ridetur
1088 2266 1150 2330 hoc
1171 2284 1268 2330 unum
1289 2269 1386 2347 eaput

154 2396 172 2442 e
194 2376 368 2459 longinquo
390 2377 451 2442 buc
474 2376 616 2442 delatum
639 2395 721 2457 esse,
743 2377 805 2441 nisi
828 2377 898 2459 quis
917 2395 995 2468 casu
1009 2395 1142 2459 prorsus
1157 2375 1310 2458 singulari
1325 2376 1386 2441 hoc

153 2487 272 2554 factum
301 2507 375 2554 esse
402 2494 535 2555 statuat.
578 2489 704 2571 Certius
731 2495 783 2553 est
811 2488 852 2554 de
874 2506 900 2554 c.
922 2488 1081 2571 CLXVII,
1110 2489 1194 2570 qnod
1216 2487 1311 2552 Liber
1339 2487 1386 2552 in·

154 2601 307 2682 scriptum
331 2606 396 2680 est,
418 2601 577 2666 iudicium.
623 2600 772 2683 Spurium
798 2599 881 2666 enim
903 2619 976 2666 esse
998 2605 1031 2666 et
1052 2619 1089 2665 eo
1112 2599 1272 2682 arguitur,
1301 2598 1387 2679 quod

152 2710 308 2776 fabulosis
331 2711 371 2776 de
387 2712 531 2781 Minerva
552 2718 585 2778 et
599 2712 702 2777 Danai
717 2711 870 2794 progenie
887 2711 1121 2777 narratIonibus
1142 2710 1316 2775 immixtum
1336 2713 1388 2775 est

154 2829 187 2888 et
204 2821 288 2903 quod
311 2839 369 2886 suo
391 2821 461 2886 loco
483 2840 508 2887 a.
524 2822 730 2887 CLXXVIIII
752 2822 869 2888 similia
889 2821 1077 2888 referuntur.
1120 2822 1264 2902 Denique
1279 2821 1388 2903 capita

154 2954 218 2999 non
241 2938 409 2999 numerata
436 2932 578 3015 (CLXIV
587 2934 635 3016 nn)
660 2952 678 2998 e
701 2933 860 3015 Fulgentii
887 2932 1017 3015 mythol
1040 2932 1138 2998 1118.
1161 2934 1202 2996 10
1222 2932 1386 2998 involasse

154 3046 274 3110 dudum
302 3045 342 3110 ab
366 3044 437 3110 aliis
465 3043 661 3110 intellectum
683 3050 742 3110 est
771 3062 834 3109 non
860 3043 973 3126 ignoro
995 3043 1124 3124 quidem
1146 3044 1231 3125 apud
1254 3042 1386 3126 Apollo-

155 3159 267 3222 dorum
290 3156 385 3222 etiam
400 3156 447 3222 111
471 3156 519 3237 14,
540 3157 562 3219 4
584 3155 733 3237 Myrrhae
753 3173 790 3221 eo
805 3154 875 3221 loco
891 3155 1083 3220 mentionem
1104 3153 1174 3220 fieri
1196 3173 1257 3237 quo
1273 3155 1386 3220 Cecro-

154 3270 301 3351 pidarum
321 3266 390 3332 fata
411 3273 597 3346 narrantur,
629 3267 686 3331 sed
710 3267 785 3348 quid
808 3273 864 3332 aut
886 3266 1035 3348 Cecropis
1058 3266 1140 3348 proli
1163 3284 1233 3330 cum
1256 3266 1385 3347 Orpheo

155 3385 211 3445 aut
232 3379 382 3462 Myrrhae
397 3397 467 3443 cum
482 3378 648 3444 Minerva?
667 3413 709 3423 —
731 3378 867 3444 Tantum
883 3378 924 3443 de
940 3377 1074 3460 singulis
1089 3376 1206 3443 fabulis
1221 3376 1324 3442 ordini
1339 3376 1386 3441 in·

154 3491 256 3557 festis.
279 3496 427 3573 superest
446 3494 483 3554 nt
503 3491 536 3554 in
561 3489 742 3556 universum
765 3489 868 3555 dicam
890 3489 931 3555 de
955 3488 1075 3568 ordine,
1097 3488 1148 3553 cui
1169 3488 1308 3570 quinque
1328 3487 1385 3552 illa

155 3608 356 3684 argumenta,
387 3619 469 3683 quae
499 3619 597 3683 snpra
626 3601 764 3667 deducta
794 3620 868 3666 esse
897 3598 1199 3680 demonstravimus,
1230 3599 1385 3664 adstricta

153 3712 290 3779 voluerit
305 3712 556 3795 mytbographus
571 3717 690 3778 noster.
712 3731 784 3777 eum
800 3712 882 3777 enim
898 3730 960 3794 qno
975 3729 1059 3777 nunc
1073 3715 1261 3790 tractantur,
1282 3730 1384 3792 neque

155 3825 320 3906 antiquum
342 3842 414 3889 esse
435 3842 537 3906 neque
558 3823 605 3889 rei
627 3824 878 3905 convenientem,
907 3823 978 3906 quis
1000 3824 1116 3905 neget?
1152 3822 1193 3889 ab
1214 3821 1385 3888 Athenien·

154 3936 243 4002 sibus
266 3934 349 4000 enim
371 3935 413 4000 ad
428 3934 572 4016 Argivos,
594 3934 635 3999 ab
654 3934 748 4016 Argis
770 3935 804 3998 in
820 3934 988 4014 Aetoliam,
1009 3934 1084 4000 inde
1106 3934 1149 3998 ad
1169 3933 1323 4012 Arcadas,
1346 3951 1385 3998 ex

155 4046 293 4113 Arcadia
313 4046 440 4111 Thebas
462 4045 649 4129 abripimur,
679 4065 854 4128 nexumque
877 4045 1088 4112 arctissimum
1111 4063 1173 4127 quo
1194 4044 1384 4126 Argivorum

154 4159 264 4224 fabula
285 4176 354 4224 cnm
371 4157 523 4224 Thebana
545 4158 694 4240 copulata
715 4162 765 4223 est
783 4157 949 4239 quominus
964 4155 1203 4240 perspiciamus,
1225 4154 1383 4238 capitibus

156 4269 400 4334 CLXXI-Vll
431 4269 610 4350 importune
638 4269 836 4350 Interpositis
864 4269 1075 4350 prohibemur.
1107 4267 1180 4332 huic
1210 4267 1307 4350 igitur
1336 4266 1384 4332 in·

156 4381 319 4447 commodo
348 4399 417 4446 cum
440 4380 559 4461 optime
588 4381 750 4446 accensuri
771 4379 870 4445 sirnos
900 4379 928 4445 si
950 4380 1013 4446 tria
1034 4378 1140 4461 capita
1162 4378 1383 4461 (CCXVIII-
