3082 4950
788 236 878 303 XXX

219 389 489 471 perstringantur,
510 392 598 470 (nem
619 389 653 453 in
668 389 823 455 Colchicis
846 391 1131 471 Argonauticorum
1154 397 1187 456 et
1201 391 1349 457 Troianis
1364 391 1456 458 Troi-

219 519 327 566 corum
342 520 404 566 non
421 501 624 583 offendimus)
640 501 767 565 hicnon
783 503 878 567 modo
891 502 1054 567 Romanae
1064 504 1241 585 Aegyptiae
1257 502 1456 584 Babyloniae

218 611 346 677 iabrdae
376 613 606 691 admiscentur,
639 613 696 677 sed
729 612 824 677 etiam
857 612 952 677 rebus
984 616 1025 678 ad
1057 614 1224 679 historiam
1256 615 1454 681 Graecorum

219 723 495 805 Romanorumque
516 723 751 804 pertinentibus
779 723 867 788 locus
896 743 958 789 non
982 725 1168 805 denegator.
1199 725 1246 790 sio
1268 725 1372 793 CCLL
1394 727 1454 793 IV.

219 833 406 899 CCLXXlll
419 836 560 899 Aeneam
576 834 731 901 CCXLIII
752 836 886 899 eundem
909 841 942 899 et
957 835 1113 900 Didonem
1131 836 1330 903 CCLXXVII
1345 838 1457 903 Euan·

220 945 311 1009 dmm
341 945 472 1027 eiusque
502 951 636 1010 matrem
658 945 861 1011 Carmentem
883 946 994 1013 CCLII
1023 946 1187 1012 Camillam
1215 948 1333 1013 Metabi
1359 947 1457 1015 Vols-

220 1073 325 1121 corum
348 1056 432 1137 regis
453 1055 552 1121 filiam
575 1056 685 1122 CCLIl
706 1057 875 1121 Romulum
899 1063 932 1122 et
948 1058 1079 1122 Remum
1096 1057 1249 1124 CCXLVI
1271 1059 1456 1125 Lucretiam

219 1167 300 1233 CLV
315 1167 451 1233 Tulliam
474 1174 506 1233 et
527 1168 630 1232 vicum
654 1168 843 1233 sceleratum
866 1170 1104 1234 commemorari
1124 1170 1231 1235 rides:
1253 1169 1370 1235 CCXL.
1392 1169 1455 1235 111.

219 1279 384 1345 CCLXXV
406 1279 592 1344 Samiramin
616 1278 781 1344 CCLXXV
805 1279 953 1362 Cinyram
976 1280 1065 1345 nulla
1081 1281 1236 1346 Adonidis
1257 1280 1344 1346 facte
1365 1298 1456 1347 men·

219 1391 305 1456 tione
326 1390 525 1456 CCLXXVII
553 1389 619 1455 Isin
650 1396 683 1454 et
711 1391 944 1472 Harpocratem
970 1391 1120 1457 ccxhll.
1147 1392 1194 1457 ΙΙΙ
1222 1392 1390 1473 Pyramum
1421 1396 1457 1457 et

219 1502 357 1567 Thisben
388 1522 426 1567 ex
456 1501 570 1566 Ouidio
602 1508 715 1580 not0s3
749 1503 886 1583 denique
916 1502 1041 1568 CCLIV
1071 1503 1278 1584 Xanthippen
1309 1502 1455 1584 Mycenis

217 1612 315 1678 fillam
337 1612 505 1679 CCXLVII
526 1612 710 1694 Euripidem
738 1613 893 1695 tragicum
915 1613 1040 1680 CCLlV
1062 1615 1238 1679 Damonem
1260 1614 1390 1681 Cleohin
1420 1620 1456 1680 et

217 1725 364 1789 Bitonem
387 1722 477 1805 (licet
498 1729 648 1804 corrupta
663 1725 824 1789 nominum
845 1723 961 1799 forma)
985 1724 1095 1790 CCLll
1110 1725 1317 1791 Harmodium
1334 1731 1367 1793 et
1383 1725 1456 1791 Ari·

218 1835 425 1917 stogitonem,
456 1836 600 1899 Moerum
629 1853 700 1899 cum
731 1835 859 1916 hospite
889 1836 1066 1902 Selinuntio
1097 1842 1131 1900 et
1160 1836 1287 1901 Siciliae
1316 1843 1455 1918 manno

218 1947 356 2026 quodam
376 1945 560 2012 CCLXXIV
582 1946 790 2026 Hagnodicen
813 1947 948 2028 primam
969 1947 1212 2013 Atheniensium
1238 1947 1456 2013 obstetricem.

219 2057 365 2138 equidem
381 2075 401 2121 a
416 2075 466 2121 me
488 2057 659 2137 impetrare
681 2076 804 2138 nequeo
827 2057 901 2138 quin
917 2059 998 2123 haec
1013 2061 1119 2123 omnia
1133 2057 1272 2123 insititio
1294 2075 1453 2125 censeam.

219 2167 337 2250 Hygini
360 2168 442 2233 enim
466 2167 594 2233 fabulae
621 2187 692 2233 oum
720 2168 754 2233 in
782 2169 867 2234 ludis
890 2168 1040 2235 litorariis
1069 2169 1266 2252 legerentur,
1298 2169 1456 2250 magister

217 2279 311 2344 facile
325 2284 453 2360 poterat
467 2279 598 2359 adduci,
619 2286 657 2343 ut
671 2279 866 2344 Graecorum
888 2280 1101 2361 exemplorum
1117 2300 1281 2347 numerum
1299 2280 1453 2347 Romanis

219 2393 403 2473 adaugeret
453 2390 603 2456 Similiter
628 2391 660 2455 in
688 2391 793 2471 capite
821 2393 861 2457 de
888 2392 1044 2472 agonibus
1073 2411 1113 2456 ex
1140 2391 1324 2457 Aristotelis
1353 2392 1451 2473 peplo

218 2509 367 2586 excerpto
389 2514 435 2584 tp.
450 2503 512 2568 567
532 2502 580 2567 ed.
602 2501 674 2566 Val.
689 2503 788 2579 Rosa)
812 2521 924 2567 vereor
937 2520 978 2568 ne
1001 2521 1084 2585 quae
1098 2521 1183 2569 nunc
1203 2503 1279 2569 inde
1301 2521 1322 2568 a
1343 2504 1451 2570 verbis

218 2619 372 2696 ‘equam
394 2620 432 2679 et
454 2632 587 2679 canem
609 2613 802 2679 coniecit'
834 2613 997 2695 leguntur,
1029 2613 1138 2681 alodi
1167 2615 1321 2695 magistro
1342 2614 1453 2695 potius

218 2726 339 2807 aliquo,
362 2744 432 2790 cum
454 2725 611 2806 eVirgilii
634 2725 771 2791 lectione
791 2743 904 2790 recena
921 2730 1024 2803 esset,
1050 2744 1145 2806 quarn
1167 2725 1208 2791 ab
1230 2726 1301 2806 ipso
1323 2725 1452 2806 Hygino

218 2837 284 2901 sint
305 2836 495 2917 conscripta,
517 2855 610 2916 quem
631 2841 733 2900 totum
756 2855 776 2900 a
798 2836 1103 2903 Graecorum'libris
1125 2837 1314 2917 pendentem
1338 2855 1452 2917 parum

218 2947 383 3029 probabile
412 2949 471 3025 sit,
500 2950 720 3027 argumentum
750 2966 768 3012 e
790 2947 915 3028 Virgilii
941 2948 1094 3014 Aeneidis
1120 2948 1140 3014 1.
1156 2949 1202 3014 V⁰
1227 2948 1452 3030 depromptum

217 3059 297 3140 ipsis
312 3064 428 3140 poetae
443 3056 549 3122 verbis
564 3050 773 3122 enarravisse.
814 3057 1001 3138 Exemplum
1023 3058 1282 3141 interpolationis
1296 3077 1451 3141 perquam

218 3169 433 3247 memorabile,
454 3167 572 3249 quippe
587 3185 669 3249 quae
683 3168 796 3250 eapitis
811 3169 1049 3250 inscriptionem
1065 3171 1162 3235 etiam
1176 3171 1340 3250 invaserit,
1358 3190 1450 3253 prae-

218 3281 293 3347 hent
308 3300 333 3346 o.
348 3280 457 3346 CCLII
472 3279 569 3344 verba
591 3279 711 3345 ‘lecte
732 3279 876 3345 ierino'
892 3280 1017 3362 Virgilii
1033 3281 1183 3347 Aeneidis
1197 3282 1244 3347 XI
1263 3283 1369 3347 versui
1383 3283 1446 3349 571

218 3393 371 3472 sublecta
392 3392 477 3456 unde
492 3389 683 3456 Camillae
698 3410 824 3473 quoque
838 3411 953 3457 nomen
969 3392 1063 3471 (Cato
1078 3411 1128 3473 ap.
1146 3392 1234 3459 Serv.
1257 3394 1278 3459 L
1293 3411 1319 3459 o.
1334 3393 1449 3476 Heyne

218 3523 283 3570 exo.
297 3506 342 3583 Il)
358 3502 503 3568 accessit.
524 3501 575 3567 cui
590 3501 782 3569 simillimum
798 3508 849 3567 est
863 3502 1001 3569 alterum
1016 3523 1034 3569 e
1048 3521 1074 3569 a
1093 3503 1217 3571 CCLIV
1232 3505 1450 3586 repetendum,

217 3617 250 3683 in
273 3635 335 3698 quo
357 3633 427 3680 cum
449 3613 664 3696 piissimarum
682 3613 840 3679 indiculus
862 3614 949 3694 insit,
970 3619 1106 3696 apparet
1127 3615 1224 3681 verba
1245 3617 1297 3679 oet
1312 3617 1450 3698 piissimi

217 3734 331 3811 postea
352 3732 465 3792 assuta
486 3744 572 3805 esse,
594 3743 689 3806 quam
712 3734 743 3791 et
764 3725 889 3791 Bitonis
909 3725 1099 3806 Cleobisque
1120 3726 1267 3807 exempla
1288 3745 1326 3792 ex
1348 3726 1450 3793 Hero·

218 3842 295 3905 doto
317 3845 349 3904 et
369 3840 498 3903 Aeneae
519 3835 671 3901 memoria
692 3855 731 3901 ex
752 3837 839 3919 Virg.
861 3838 940 3902 Aen.
959 3837 993 3903 ΙΙ
1015 3839 1074 3903 721
1099 3837 1225 3903 adiecta
1248 3843 1348 3903 erant
1372 3856 1449 3920 qua·

217 3956 349 4034 propter
369 3948 462 4014 facile
482 3947 575 4013 nobis
596 3947 782 4027 persuaderi
804 3948 978 4029 patiamur,
1000 3951 1129 4014 Aeneae
1145 3967 1270 4030 quoque
1293 3950 1380 4031 apud
1394 3949 1449 4014 Di·

219 4064 331 4128 donem
360 4059 638 4127 commorationem
667 4058 854 4136 ‹CCXLIID
886 4060 1012 4142 eVirg.
1042 4064 1119 4125 Aen.
1141 4060 1205 4138 IV,
1235 4060 1380 4125 elusdem
1406 4061 1449 4126 ad

216 4173 335 4238 inferos
365 4172 552 4237 descensum
584 4187 643 4234 nec
670 4188 733 4234 non
763 4170 937 4235 novissima
967 4171 1083 4253 capitis
1113 4170 1305 4237 CXXXVIII
1334 4171 1448 4237 rerba:

217 4286 306 4351 ‘alii
329 4282 532 4348 Cumaeam
555 4279 709 4344 dicunt’
733 4298 751 4344 e
773 4281 861 4362 Virg.
883 4283 1020 4347 Aenlll
1042 4287 1171 4361 recepta
1192 4299 1273 4347 esse.
1317 4282 1450 4349 Praeter

218 4396 383 4478 Virgilium
399 4393 532 4459 Ovidius
548 4391 707 4473 expilatus
723 4399 781 4458 est
813 4393 959 4475 Vestigia
976 4392 1044 4459 eius
1062 4392 1126 4457 iam
1142 4411 1167 4457 c.
1180 4392 1337 4461 CXXXIV
1355 4394 1449 4476 (Tyr-
