3082 4950
781 224 843 290 104

196 377 342 443 avellere.
365 397 427 460 quo
448 398 505 445 rex
527 397 596 444 cum
617 378 844 445 intervenisset
865 383 897 445 et
915 378 1071 461 rogitaret
1091 397 1148 444 cur
1168 379 1203 445 id
1223 377 1355 461 faceret,
1375 378 1431 444 illa

197 490 350 555 ementita
381 497 430 555 est
453 491 592 572 dicitque
622 509 677 556 eos
700 492 874 556 sceleratos
905 490 1030 571 signnm
1061 491 1311 556 contaminasse:
1345 491 1431 572 quod

196 598 286 681 impii
309 605 341 665 et
363 601 511 667 scelerati
532 602 676 667 homines
705 602 736 667 in
759 602 913 684 templum
936 605 1028 667 esent
1053 601 1197 683 adducti,
1227 602 1356 684 signum
1378 621 1431 666 ex-

196 710 348 791 piandum
370 713 411 777 ad
434 732 521 778 mare
538 712 620 779 ferre
635 719 792 795 oportere,
814 718 846 779 et
867 712 977 778 iubere
1000 732 1071 778 eum
1092 713 1282 779 interdicere
1298 713 1431 794 civibus,

167 822 237 887 5ne
258 822 329 904 quis
352 842 460 888 eorum
483 828 573 890 extra
587 824 697 889 urbem
721 825 829 890 exiret.
850 843 906 890 rex
928 824 1089 890 secerdoti
1104 824 1190 890 dicto
1206 825 1342 890 audiens
1361 824 1431 890 fnit.

196 934 363 999 occasione
385 935 552 1018 Iphigenia
573 941 670 1001 nacta
697 936 789 1018 signo
812 936 939 1001 sublato
962 955 1033 1002 oum
1055 935 1154 1001 fratre
1174 937 1291 1001 Oresta
1314 940 1350 1000 et
1369 936 1431 1018 Py-

196 1044 270 1111 lade
299 1045 331 1110 in
360 1065 472 1112 navem
502 1048 648 1112 ascendit
670 1052 828 1129 ventoque
850 1048 990 1113 secundo
1014 1047 1056 1113 ad
1082 1047 1220 1113 insulam
1242 1045 1432 1133 Zmintlhlen

196 1158 238 1222 ad
260 1157 402 1240 Chrysen
426 1158 624 1224 sacerdotem
647 1158 804 1240 Apollinis
827 1158 926 1224 delati
949 1163 1032 1224 sunt.
1053 1196 1097 1206 —

679 1356 779 1422 CXXI
802 1355 941 1438 Chryses

282 1528 324 1537 -
346 1494 563 1573 Agamemnon
585 1511 656 1558 cum
678 1493 719 1557 ad
742 1493 869 1558 Troiam
890 1493 965 1574 iret,
996 1496 1050 1573 [et]
1073 1492 1214 1559 Achilles
1235 1492 1269 1557 in
1291 1493 1432 1575 Mysiam

148 1602 285 1670 10renit
314 1607 347 1667 et
376 1604 581 1686 Chryseidam
611 1604 767 1686 Apollinis
799 1604 975 1670 sacerdotis
1005 1603 1103 1669 filiam
1134 1590 1267 1669 abduxit
1295 1624 1432 1688 eamque

197 1716 427 1796 Agamemnoni
449 1716 539 1780 dedit
559 1716 591 1780 in
615 1716 803 1798 coniugium.
835 1717 920 1798 qnod
943 1734 1013 1780 cnm
1036 1715 1174 1798 Chryses
1197 1717 1238 1780 ad
1260 1717 1433 1799 Agamem·

198 1844 313 1890 nonem
337 1826 571 1907 deprecandum
592 1828 749 1908 venisset,
778 1833 814 1893 nt
842 1827 902 1893 sibi
928 1827 1026 1893 filiam
1048 1828 1211 1908 redderet,
1242 1846 1306 1892 non
1329 1828 1431 1911 impe·

135 1952 141 1961 ·
199 1937 304 2001 travit.
338 1937 377 2002 oh
407 1938 440 2001 id
469 1939 583 2019 Apollo
613 1939 784 2003 exercitum
815 1938 883 2004 eins
913 1939 1030 2021 partim
1058 1938 1142 2004 fame
1165 1938 1288 2020 {partim
1311 1939 1431 2024 morbol

198 2066 299 2129 prope
325 2051 427 2112 totum
455 2049 660 2130 consumpsit.
689 2049 797 2131 itaque
819 2051 1036 2132 Agamemnon
1060 2049 1236 2132 Chryseida
1263 2050 1431 2133 gravidam

149 2158 358 2223 lhsaoerdoti
380 2159 510 2225 remisit.
541 2178 714 2242 quaecum
738 2161 857 2226 diceret
886 2180 921 2227 se
944 2161 984 2226 ab
1008 2179 1045 2226 eo
1066 2161 1222 2227 intactam
1250 2180 1341 2243 esse,
1371 2181 1431 2229 suo
1497 2158 1500 2163 ’

199 2274 342 2352 tempore
364 2273 490 2353 peperit
511 2271 653 2354 Chrysen
675 2272 829 2337 iuniorem
854 2276 887 2337 et
916 2271 996 2337 dixit
1023 2291 1058 2338 se
1087 2273 1127 2338 ab
1150 2272 1297 2354 Apolline
1320 2292 1433 2340 conoe·

198 2383 295 2469 pisse.
318 2422 361 2431 —
391 2384 510 2448 Postea
522 2383 660 2466 Chryses
676 2383 812 2449 Thoanti
828 2401 883 2449 eos
899 2402 969 2448 cum
984 2384 1120 2449 reddere
1135 2384 1240 2465 vellet,
1263 2384 1433 2471 Chryselils

200 2490 250 2582 tut!
274 2495 375 2560 audiit
397 2494 521 2576 [senior]
537 2495 784 2577 Agamemnonis
807 2472 1006 2577 Iphigeniam
1029 2500 1061 2560 et
1076 2497 1223 2560 Orestem
1244 2495 1329 2560 filios
1352 2516 1435 2578 esse,

200 2607 276 2689 [qni]
299 2606 413 2688 Chrysi
434 2605 500 2671 filio
522 2625 581 2672 sno
604 2607 679 2688 quid
702 2607 768 2671 veri
789 2611 875 2699 esset
895 2605 1062 2688 patefecit,
1091 2626 1146 2672 eos
1167 2606 1285 2672 fratres
1306 2626 1383 2674 esse
1405 2612 1437 2674 et

149 2717 192 2781 20
201 2718 343 2800 Chrysen
372 2718 620 2799 Agamemnonis
647 2717 747 2783 filium
776 2736 856 2783 esse.
887 2722 955 2782 tum
979 2717 1117 2800 Chryses
1146 2737 1182 2783 re
1210 2719 1342 2800 cognita
1364 2738 1436 2786 curn

201 2830 316 2893 Oreste
332 2827 432 2893 fratre
447 2829 623 2895 Thoantem
638 2829 797 2895 interfecit
812 2834 845 2894 et
862 2829 936 2895 inde
946 2830 1097 2911 Mycenas
1116 2848 1187 2896 cum
1203 2829 1296 2912 signo
1308 2831 1437 2899 Dianae

200 2939 374 3005 Incolumes
396 2945 616 3021 pervenerunt.

202 3228 286 3275 h‘eos
305 3226 437 3274 sceleratos
460 3224 558 3285 signnm
577 3223 764 3274 contaminasse'
788 3230 831 3272 aut
853 3226 1003 3273 eliminanda
1025 3230 1068 3272 ant
1090 3230 1148 3286 post
1172 3225 1297 3273 ‘ementita
1313 3226 1361 3276 est'
1379 3228 1438 3276 trai-

202 3322 289 3369 cienda
306 3334 361 3368 oum
379 3320 423 3366 Mu
467 3322 483 3367 4
501 3320 573 3380 serra
592 3319 629 3386 {sel
649 3319 697 3368 Soh
710 3316 720 3387 ΙΙ
732 3318 795 3367 aicbat
811 3321 905 3380 repom?
948 3322 962 3367 7
981 3321 1089 3368 aminten
1106 3320 1127 3366 1⁴*
1145 3319 1282 3381 Smynthen
1299 3319 1360 3367 olio.
1379 3323 1395 3368 i.
1412 3336 1438 3368 m

271 3419 285 3464 9
306 3412 504 3481 {expugnandam
530 3415 576 3462 iret
599 3414 654 3462 coni
672 3412 697 3463 Σ
719 3411 729 3481 ΙΙ
750 3423 772 3463 et
789 3419 839 3464 secl
857 3415 907 3463 Seh
926 3412 936 3482 i
957 3414 1113 3462 moesiamF
1137 3428 1192 3461 corr
1209 3412 1258 3461 Seh
1312 3418 1347 3464 10
1366 3416 1438 3478 chry-

201 3510 294 3559 seidam
311 3512 332 3556 F
351 3512 419 3557 Neue
436 3511 560 3557 Formenl.
578 3512 591 3557 I
607 3524 630 3569 p.
644 3512 693 3558 333
712 3510 858 3570 chrysostom
875 3512 914 3558 Bu
934 3509 944 3576 ΙΙ
964 3507 1083 3576 {Chrysae}
1103 3504 1225 3569 Apollinis
1243 3509 1299 3556 coni
1317 3506 1344 3557 Σ
1366 3507 1377 3576 ss
1395 3512 1438 3559 ad-

203 3605 272 3651 duxit
287 3605 308 3650 F
326 3619 381 3652 corr
398 3604 447 3652 Seh
492 3607 523 3653 13
544 3605 639 3670 [gramm
656 3602 743 3671 morbo}
763 3606 842 3653 Barth
889 3608 920 3653 14
939 3603 1107 3663 chryseidam?
1154 3607 1184 3652 17
1203 3604 1293 3650 Postea
1311 3600 1379 3669 {cnm
1396 3620 1439 3653 rex

202 3688 284 3746 Thoas
301 3699 455 3759 Iphigeniam
472 3714 527 3745 oum
545 3698 632 3747 Oreste
650 3703 674 3746 et
691 3700 784 3759 Pylade
802 3700 899 3745 Dianae
917 3699 987 3758 signo
1006 3700 1036 3745 de
1054 3698 1111 3744 fano
1134 3697 1389 3761 sublatodugientem
1407 3701 1439 3747 ad

202 3793 314 3854 Chrysen
337 3798 479 3853 persecutns
504 3787 575 3856 esset}
602 3792 709 3854 Chryses
734 3795 795 3841 eoni.
821 3793 906 3852 Lange
932 3793 983 3852 p.9
1007 3789 1017 3859 Ι]
1044 3790 1153 3852 Chrysalo
1176 3799 1203 3839 ot
1226 3791 1307 3839 aradir't
1330 3795 1389 3841 coni
1412 3793 1438 3845 Σ

205 3890 235 3936 18
255 3887 334 3934 senior
351 3887 408 3934 secl.
427 3884 452 3935 Σ
502 3890 532 3934 19
552 3887 594 3946 qai
610 3888 669 3934 secl.
682 3885 707 3937 Σ
726 3884 736 3953 ΙΙ
758 3887 873 3948 ohrysiF
891 3887 920 3934 of.
941 3866 1062 3934 Charisi
1082 3889 1112 3934 17
1131 3901 1156 3946 p.
1171 3887 1218 3935 107
1237 3890 1261 3932 et
1279 3886 1330 3933 fab.
1352 3887 1438 3937 cvm

204 3979 334 4049 'laetarum
351 3979 438 4042 capitis
456 3980 524 4027 CXX
547 3982 625 4029 verba
643 3983 778 4030 novissima
803 3982 887 4028 ‘delati
904 3981 967 4028 sunt'
985 3982 1052 4028 haud
1070 3982 1121 4028 scio
1139 3995 1172 4027 an
1192 3980 1276 4027 statim
1294 3984 1440 4044 exceperint

202 4077 279 4124 verba
297 4080 391 4136 ‘postea
409 4073 523 4134 Chryses'
548 4080 575 4122 nt
599 4090 661 4134 quae
685 4091 751 4123 nuno
769 4076 874 4136 priorem
892 4075 965 4123 huius
987 4075 1074 4136 capitis
1096 4080 1192 4135 partem
1215 4075 1374 4125 constituunt
1397 4084 1440 4127 ant

202 4176 259 4232 post
281 4170 366 4217 ‘lilium
391 4168 452 4217 osse'
476 4174 575 4217 narrata
597 4170 688 4217 luerint
705 4175 748 4216 aut
765 4175 821 4216 ante
839 4184 891 4230 cap.
911 4170 967 4217 CVI
985 4170 1034 4217 sint
1051 4170 1189 4217 inserenda.
1231 4169 1315 4231 Caput
1341 4172 1439 4222 CXXII

203 4281 218 4312 a
236 4265 313 4312 verbo
339 4263 452 4311 ‘interim'
478 4240 591 4312 exorsum
610 4280 663 4313 esse
681 4264 826 4311 crediderim
