3082 4950
815 228 858 294 54

223 383 325 461 Quem
344 400 415 448 eum
430 381 644 464 interrogaret
659 383 757 448 Arete
775 382 925 465 quidnam
942 387 1031 449 esset
1047 383 1260 464 iudicaturus,
1291 382 1463 465 respondit

222 493 387 559 Alcinous:
418 494 446 559 si
469 493 558 575 virgo
577 493 674 559 fuerit
688 494 804 559 Medea
820 495 947 576 parenti
963 495 1175 574 redditurum,
1199 493 1249 559 sin
1264 498 1374 559 autem
1392 512 1462 558 mu-

223 606 283 670 lier
306 605 440 687 coniugi.
483 604 552 669 Hoe
575 624 646 671 oum
670 605 793 670 audivit
810 607 907 671 Arete
924 625 945 671 a
965 606 1099 688 coniuge
1121 605 1221 670 mittit
1240 605 1392 670 nuncium
1417 605 1461 695 ad

223 717 371 781 Iasonem
397 720 428 782 et
450 716 478 780 is
495 716 642 781 Medeam
660 722 757 781 nootu
782 716 814 780 in
840 722 933 782 antro
953 716 1172 798 devirginavit.
1201 722 1332 798 postero
1351 721 1461 781 autem

193 824 277 892 hdie
293 845 363 892 eum
379 828 419 892 ad
433 827 583 892 iudicium
599 827 764 892 venissent
779 831 810 892 et
821 826 937 892 Medea
953 827 1066 893 mulier
1080 832 1168 894 esset
1182 829 1315 893 inventa
1332 827 1459 909 coniugi

224 944 275 1004 est
291 938 420 1004 tradita.
464 938 676 1005 Nihilominus
694 956 765 1005 oum
780 937 914 1020 proiecti
936 943 1058 1020 essent,
1087 939 1247 1022 Absyrtus
1268 938 1385 1004 timens
1402 957 1460 1020 pa·

222 1049 283 1114 tris
309 1056 481 1133 praecepta
502 1053 692 1133 persecutus
716 1053 767 1115 est
791 1067 847 1115 eos
873 1050 906 1113 in
931 1048 1069 1115 insulam
1090 1051 1263 1115 Minervae.
1313 1049 1364 1114 lbi
1387 1067 1460 1114 eum

224 1159 418 1226 sacrificaret
438 1162 600 1227 Minervae
621 1162 718 1226 Iason
739 1164 772 1225 et
790 1161 949 1242 Absyrtus
965 1161 1194 1227 intervenisset
1215 1160 1255 1226 ah
1274 1161 1391 1225 Iasone
1410 1164 1461 1226 est

223 1270 419 1338 interiectus.
447 1272 537 1337 euius
561 1290 676 1355 eorpus
694 1270 811 1338 Medea
832 1271 1019 1355 sepulturae
1042 1273 1148 1353 dedit,
1177 1276 1273 1354 atque
1291 1272 1367 1337 inde
1385 1291 1460 1354 pro·

176 1380 216 1443 10
224 1381 300 1448 fecti
316 1388 399 1448 sunt
444 1384 553 1449 Colchi
570 1384 623 1466 qui
640 1401 710 1448 eum
724 1382 863 1464 Absyrto
882 1388 1036 1449 venerant
1056 1383 1206 1448 timentes
1223 1383 1375 1467 Aeleltam
1394 1382 1460 1448 illio

224 1499 448 1559 remanserunt
463 1493 694 1580 oplplidumque
710 1494 920 1560 condiderunt
940 1494 1026 1577 quod
1045 1494 1085 1560 ah
1101 1495 1232 1576 Absyrti
1248 1495 1377 1560 nomine
1395 1495 1460 1559 Ah

226 1604 313 1671 sorin
337 1605 549 1688 appellarunt.
592 1608 682 1672 Haeo
703 1610 811 1672 autem
833 1605 939 1672 insula
958 1606 1064 1689 posita
1084 1611 1133 1672 est
1149 1607 1182 1671 in
1200 1607 1324 1672 Histria
1345 1612 1460 1672 eontra

225 1712 351 1801 Polalml
374 1716 483 1783 iuncta
502 1717 627 1784 insulae
648 1717 808 1802 'silentes

583 1913 737 1979 vxxffll
757 1913 890 1999 [lason]
920 1914 1068 1981 Peliades

310 2050 408 2115 Iason
430 2067 500 2114 eum
515 2049 624 2114 Peliae
638 2050 746 2133 patrui
761 2050 812 2115 sui
826 2049 918 2116 iussu
940 2055 989 2117 tot
1010 2050 1154 2133 pericula
1176 2050 1300 2116 adisset
1315 2050 1460 2132 cogitare

177 2160 219 2228 15
228 2160 348 2242 coepit,
380 2162 536 2243 quomodo
565 2180 636 2226 eum
664 2161 734 2226 sine
762 2161 944 2243 suspicione
972 2161 1172 2228 interficeret
1198 2162 1258 2228 hoc
1284 2161 1401 2227 Medea
1422 2180 1461 2226 se

227 2271 384 2337 iacturam
405 2272 581 2354 pollicetur.
625 2274 738 2355 Itaque
768 2291 838 2338 cum
861 2274 925 2339 iam
948 2273 1026 2355 lnonl
1049 2273 1145 2355 longe
1167 2273 1207 2339 ah
1229 2271 1316 2339 Iolco
1339 2278 1462 2354 essent,

228 2402 343 2449 navem
359 2384 456 2449 iussit
476 2384 509 2448 in
525 2384 649 2450 occulto
671 2382 819 2450 collocari
841 2388 873 2451 et
887 2385 960 2467 ipsa
981 2385 1023 2450 ad
1039 2384 1147 2450 Peliae
1168 2383 1251 2450 filias
1273 2402 1332 2468 pro
1353 2401 1462 2450 saeer-

230 2494 304 2561 dote
325 2495 448 2560 Dianae
470 2495 572 2561 venit:
604 2495 650 2560 eis
672 2495 840 2577 pollicetur
861 2514 897 2560 se
917 2499 1042 2577 patrem
1065 2514 1174 2560 earum
1188 2495 1298 2561 Pelian
1322 2514 1361 2560 ex
1383 2512 1463 2560 sene

228 2606 375 2672 iuvenem
392 2605 557 2672 facturam.
599 2607 638 2672 Id
658 2607 732 2689 quia
747 2606 884 2672 Alcestis
904 2607 1005 2672 maior
1027 2606 1093 2671 filia
1114 2607 1244 2688 negavit
1264 2605 1334 2671 fieri
1355 2624 1465 2688 posse,

179 2718 346 2784 POMedea
367 2736 429 2799 quo
451 2717 576 2783 facilius
599 2737 668 2782 eam
691 2719 881 2800 perduceret
903 2719 944 2782 ad
967 2719 1271 2784 suamvoluntatem
1293 2717 1464 2800 caliginem

231 2829 278 2894 eis
300 2828 415 2894 obiecit
437 2834 470 2894 et
492 2846 530 2894 ex
551 2829 682 2894 venenis
697 2828 797 2893 multa
815 2829 968 2893 miracula
988 2828 1072 2909 feeit,
1094 2847 1175 2911 quae
1191 2828 1375 2894 verisimilia
1391 2846 1464 2894 esse

230 2941 431 3020 viderentur,
463 2940 656 3021 arietemque
685 2937 827 3003 vetulum
856 2940 888 3004 in
916 2957 1030 3004 aenum
1062 2941 1212 3021 coniecit,
1243 2941 1328 3005 unde
1358 2958 1464 3022 agnus

230 3050 461 3134 pulcherrimus
475 3049 664 3133 prosiluisse
681 3050 770 3114 visus
786 3056 846 3116 est.
870 3051 1045 3133 eodemque
1062 3052 1157 3117 modo
1181 3052 1287 3132 [unde]
1303 3051 1464 3132 Peliaden,
1496 3092 1500 3101 ·

231 3163 265 3228 id
287 3165 339 3228 est
352 3160 490 3227 Alcestis
504 3160 637 3242 Pelopia
651 3160 788 3226 Medusa
802 3161 940 3227 Pisidiae
954 3162 1153 3244 Hippothoe,
1174 3163 1308 3228 Medeae
1323 3163 1466 3244 impulsu

180 3274 356 3357 25patrem
387 3291 479 3338 suum
508 3271 646 3337 occisum
675 3272 706 3337 in
738 3290 818 3338 aeno
848 3280 1008 3339 coxerunt.
1045 3291 1116 3339 eum
1145 3292 1181 3339 se
1208 3275 1360 3355 deceptas
1390 3292 1465 3340 esse

231 3385 377 3451 viderent
406 3401 427 3448 a
453 3383 557 3465 patria
584 3384 802 3466 profugerunt.
834 3393 869 3450 at
898 3386 993 3451 lason
1024 3384 1116 3467 signo
1147 3385 1304 3450 aMedea
1330 3389 1465 3467 accepto

232 3495 321 3578 regia
343 3500 394 3561 est
414 3495 537 3576 potitus
553 3498 734 3577 Aeastoque
751 3495 859 3562 Peliae
873 3494 938 3561 filio
952 3495 1043 3561 fratri
1058 3495 1231 3576 Peliadum,
1254 3496 1339 3578 quod
1355 3514 1466 3562 secum

233 3607 367 3673 Colchos
388 3606 485 3687 ierat,
514 3625 646 3688 regnum
668 3611 837 3688 paternum
859 3606 1002 3672 tradidit.
1034 3607 1104 3689 ipse
1126 3626 1195 3673 eum
1218 3607 1332 3673 Medea
1354 3607 1467 3673 Corin-

232 3718 322 3783 thum
343 3716 506 3799 profectus
527 3721 586 3783 est

233 3934 438 3995 8aaerpieareat.
458 3933 589 3997 [Minoes-vae
606 3934 689 3996 Iason]
707 3935 771 3981 eoni.
788 3930 813 3982 Σ
838 3933 885 3982 nisi
911 3939 968 3981 ente
992 3933 1039 3981 ‘aha'
1064 3934 1191 3981 inserenda
1215 3940 1273 3983 sunt
1294 3935 1372 3984 verba
1397 3936 1466 3985 ‘haee

233 4038 312 4078 auum
327 4029 408 4077 maula
490 4026 587 4075 Oantee’
636 4032 667 4078 10
686 4026 769 4076 donni
783 4028 882 4075 autem
928 4032 958 4077 11
978 4028 1135 4090 oppidumque
1152 4027 1238 4075 Comm
1259 4027 1269 4093 ΙΙ
1289 4027 1411 4088 Absyrtio
1422 4031 1467 4078 Mu

236 4128 267 4175 13
284 4125 344 4186 pola
357 4124 379 4170 F
394 4123 443 4170 imo
461 4122 534 4169 Pelas
551 4127 593 4170 eut
610 4137 665 4170 eum
678 4119 839 4189 MuPolomss
852 4124 927 4188 [Haec
944 4131 1023 4171 meran
1036 4159 1043 4170 .
1056 4158 1062 4169 .
1075 4157 1081 4169 .
1095 4120 1202 4185 Oasitae]
1220 4123 1306 4183 Lange
1322 4125 1338 4169 l.
1352 4139 1373 4171 e.
1392 4140 1419 4184 p.
1433 4128 1465 4174 ol

304 4222 334 4268 16
354 4213 413 4283 leoni
433 4217 482 4264 Seh
503 4214 513 4281 ΙΙ
534 4216 666 4265 ecolohis
683 4218 704 4263 F
722 4232 777 4264 eorr
795 4218 837 4264 Mu
884 4223 913 4267 ia
930 4219 1006 4278 idque
1023 4218 1044 4263 F
1062 4216 1163 4276 idoneis
1181 4216 1230 4264 Soh
1278 4221 1309 4266 22
1328 4220 1466 4265 senemr

234 4316 340 4361 ahenum
357 4312 378 4359 F
396 4317 446 4373 p'l
465 4312 521 4359 Mie.
539 4312 556 4358 'n
574 4326 598 4357 m
615 4325 701 4357 aenum
718 4310 805 4357 Oomm
858 4313 889 4358 23
908 4312 988 4359 eodem
1007 4307 1124 4375 {densique
1142 4310 1196 4358 eoni
1216 4308 1240 4359 Σ
1287 4314 1319 4359 24
1338 4312 1433 4361 isidoce
1446 4314 1467 4361 h*

234 4423 289 4457 corr
306 4408 401 4455 Tollius
453 4408 485 4454 td
504 4419 580 4453 aeneo
597 4405 617 4450 h*
638 4401 649 4471 fl
670 4403 744 4467 gpaael
763 4406 835 4452 com?
