3082 4950
682 214 742 280 141

95 368 155 433 Ilio
176 368 336 434 Anchisen
360 372 482 451 patrem
504 367 644 433 humeris
667 373 699 434 et
722 368 891 434 Ascanium
913 367 1013 433 filium
1036 386 1075 433 ex
1094 367 1242 434 incendio
1265 367 1327 432 eri·

96 480 175 562 puit.
198 517 239 527 —
269 478 385 562 Cleops
400 484 433 544 et
447 479 560 560 Bitias,
582 479 746 562 Cydippae
760 478 825 545 filii.
870 479 1013 562 Cydippe
1029 479 1179 545 sacerdos
1195 477 1327 543 Iunonis

96 590 235 673 Argivae
263 609 332 656 cum
354 589 452 656 boves
478 591 510 655 in
532 591 713 673 pastionem
736 591 892 672 misisset,
919 610 1023 673 neque
1045 592 1087 656 ad
1108 591 1234 671 horam,
1265 608 1328 672 qua

96 721 189 769 sacra
210 702 243 767 in
266 708 374 768 moute
397 703 438 767 ad
454 703 608 784 templum
622 702 753 769 lunonis
775 702 848 768 duci
871 707 904 767 et
923 701 993 767 fieri
1009 701 1170 783 deberent,
1192 719 1327 784 appare·

96 818 168 879 rent
190 819 222 878 et
244 819 354 880 esseut
376 815 492 880 mortui
515 820 570 895 (—
593 833 674 896 quae
697 814 759 880 nisi
787 816 827 880 ad
850 814 961 879 horam
983 832 1076 880 sacra
1101 812 1188 879 facta
1210 816 1357 894 cesenat

96 926 247 991 sacerdos
275 925 524 993 interficiebatur
550 930 608 1004 -)
639 926 723 991 inter
752 945 847 1008 quam
878 924 1123 1008 trepidationem
1151 923 1265 1007 Cleops
1296 928 1329 989 et

95 1037 199 1103 Bitias
224 1057 282 1119 pro
312 1037 415 1103 bubus
445 1037 504 1102 sub
533 1038 609 1120 iugo
639 1014 674 1102 se
704 1040 875 1104 iunxerunt
905 1043 938 1104 et
967 1038 1010 1103 ad
1036 1036 1146 1122 fanum
1175 1054 1268 1102 sacra
1296 1040 1329 1101 et

97 1153 230 1215 matrem
253 1148 417 1231 Cydippen
446 1148 478 1213 in
501 1149 647 1231 plaustro
671 1150 843 1214 duxerunt:
873 1147 1091 1230 sacrificioque
1117 1153 1247 1230 peracto
1269 1148 1330 1230 Cy-

96 1261 194 1343 dippe
220 1265 352 1342 precata
382 1265 433 1326 est
453 1260 621 1341 lunonem,
652 1260 680 1325 si
703 1279 796 1326 sacra
823 1261 890 1327 eius
914 1265 1002 1326 caste
1024 1259 1192 1340 coluisset,
1222 1259 1250 1326 si
1271 1258 1329 1325 filii

97 1373 252 1438 adversus
282 1390 352 1436 eam
381 1371 426 1453 pii
447 1369 599 1452 fuissent,
630 1377 665 1437 ut
686 1372 835 1454 quicquid
864 1371 980 1436 bouum
1003 1370 1189 1437 mortalibus
1218 1376 1329 1453 posset
1339 1374 1380 1438 10

97 1483 281 1565 contingere
302 1482 335 1547 id
356 1481 430 1547 filiis
460 1482 528 1548 eius
550 1482 757 1565 contingeret.
788 1483 970 1565 precatione
996 1489 1128 1565 peracta
1148 1483 1329 1564 plaustrum

97 1600 130 1660 et
152 1599 285 1659 matrem
312 1592 368 1658 filii
392 1594 519 1658 domum
542 1594 739 1669 reduxerunt
766 1600 798 1660 et
824 1594 903 1660 lessi
933 1613 1044 1660 somno
1067 1593 1329 1676 acquieverunt*.

97 1712 132 1771 at
153 1705 297 1787 Cydippe
318 1703 489 1786 diligenter
516 1705 647 1786 agnovit
675 1705 754 1771 nihil
781 1724 853 1771 esse
882 1705 996 1772 melius
1018 1706 1205 1772 mortalibus
1233 1725 1329 1788 quam

96 1816 177 1882 mori
199 1821 233 1882 et
254 1815 294 1881 ob
316 1816 377 1882 hoc
399 1816 477 1881 obiit
498 1816 679 1882 voluntaria
700 1821 822 1894 morte]

456 2013 562 2080 CCLV
585 2014 675 2092 Quae
696 2013 814 2096 impiae
835 2012 965 2079 fuerunt
1069 2065 1071 2069 .

183 2150 308 2233 Scyllae
329 2149 399 2215 Nisi
427 2150 494 2216 filia
515 2155 639 2232 patrem
662 2150 785 2216 occidit.
829 2150 970 2215 Ariadne
992 2149 1108 2216 Minois
1128 2150 1245 2217 filia**
1266 2150 1329 2217 fra·
1340 2149 1381 2216 15

97 2267 240 2341 tremet
261 2261 343 2327 lilios
367 2261 490 2327 occidit.
533 2261 655 2327 Procne
676 2261 851 2327 Pandionis
877 2260 944 2327 filia
969 2261 1069 2327 filium
1098 2261 1222 2328 occidit.
1265 2263 1329 2329 Da-

97 2374 210 2439 naides
233 2373 384 2454 coniuges
413 2391 489 2438 suos
510 2372 673 2454 patrueles
697 2373 888 2438 occiderunt.
931 2372 1123 2439 Lemniades
1151 2373 1185 2438 in
1207 2374 1329 2440 Lemno

96 2485 204 2552 insula
229 2489 339 2567 patres
368 2490 400 2549 et
425 2483 509 2550 filios
531 2484 724 2550 occiderunt.
767 2484 948 2565 Harpalyce
969 2483 1111 2566 Clymeni
1133 2483 1200 2549 filia
1220 2484 1330 2566 filium,

99 2616 192 2678 quem
215 2615 253 2661 ex
273 2594 376 2677 patris
404 2595 573 2660 concubitu
595 2601 779 2678 pepererat,
811 2595 935 2661 occidit.
978 2594 1095 2675 [Tullia
1115 2596 1330 2661 Romanorum

98 2727 195 2790 super
207 2707 350 2789 parentis
366 2724 481 2788 corpus
497 2724 622 2772 currum
637 2707 735 2789 duxit,
749 2708 834 2772 uude
847 2706 935 2772 vicus
949 2706 1124 2772 sceleratus
1139 2713 1190 2774 est
1205 2707 1381 2790 dictus.]20

407 2902 530 2970 CCLVI
553 2903 642 2981 Quae
666 2903 866 2970 castissimae
886 2903 1015 2970 fuerunt

183 3039 343 3122 Penelope
357 3040 450 3106 Icarii
467 3040 534 3105 filia
553 3060 633 3106 uxor
646 3040 782 3122 Ulyssis.
826 3041 959 3106 Euadne
981 3040 1147 3118 †Philacis
1168 3041 1235 3107 filia
1257 3060 1330 3107 con·

97 3155 175 3219 iunx
196 3152 346 3236 Capanei.
389 3151 566 3218 Laodamia
586 3153 698 3218 Acasti
724 3151 791 3217 filia
819 3152 954 3218 coniunx
975 3151 1154 3218 Protesilai.
1197 3153 1330 3219 Hecuba

98 3361 183 3409 Manil.
201 3376 226 3422 p.
242 3364 288 3410 111
307 3359 403 3406 Phintia
420 3359 541 3407 Munclrar
590 3363 603 3409 1
623 3359 749 3407 anchisem
766 3359 787 3405 y
804 3373 859 3406 corr
877 3359 915 3406 Bu
969 3362 982 3407 1
1002 3359 1101 3407 Cleobis
1120 3364 1144 3407 ot
1161 3359 1235 3407 Biton
1252 3360 1330 3408 nomi·

99 3461 189 3504 uantur
201 3455 351 3503 Herodotol
371 3456 400 3501 31
421 3460 445 3501 et
462 3455 586 3514 plerisque
604 3454 660 3502 aliis
678 3469 708 3502 ex
725 3451 857 3501 veteribus.
877 3467 922 3514 ego
940 3457 1025 3502 nostro
1043 3468 1151 3501 errorem
1168 3468 1239 3502 suum
1256 3455 1329 3503 rolin·

99 3550 223 3612 quendum
242 3548 299 3596 duxi
319 3546 330 3615 ΙΙ
351 3549 487 3610 cidipch
509 3547 610 3609 oidr'ppe,
629 3547 716 3596 Comm
734 3545 852 3608 Cydippae
869 3548 908 3595 Bu
928 3545 938 3612 11
960 3547 1096 3608 eidippol'
1148 3545 1265 3614 dquam]
1284 3565 1330 3611 pro

99 3661 154 3694 cam
173 3641 184 3712 11
206 3641 295 3691 Cleobis
320 3651 343 3691 ct
359 3644 432 3690 Biton
457 3644 563 3691 editores
620 3645 635 3690 8
661 3642 823 3704 eidippeml*
845 3657 900 3690 corr
917 3643 956 3689 Bu
976 3637 986 3708 ΙΙ
1009 3641 1145 3702 eidippoF
1205 3645 1235 3690 11
1260 3659 1330 3705 pres·

100 3739 195 3788 catione
213 3739 233 3783 F
252 3753 307 3785 corr
325 3738 385 3786 Stav
440 3740 470 3786 12
490 3736 520 3803 let
535 3751 605 3784 mane
621 3736 711 3785 monas*
723 3737 815 3785 inventi
830 3734 890 3801 santi
916 3738 957 3785 vel
975 3737 1024 3784 talo
1048 3737 1107 3796 quid
1125 3738 1246 3786 excidisse
1262 3743 1332 3800 patet

101 3835 132 3881 13
151 3833 248 3893 cidipps
266 3833 286 3878 F
305 3834 348 3897 [at]
366 3833 461 3894 oidippe
477 3838 567 3880 temore
586 3832 634 3881 Sch

171 3928 200 3974 111
219 3927 268 3975 imo
281 3925 362 3991 patrii
377 3925 504 3974 domicum
522 3925 624 3984 fatalem
641 3922 739 3992 orielem
758 3926 882 3987 praecidit
901 3922 911 3992 ΙΙ
931 3927 961 3973 da
984 3925 1041 3973 filiis
1066 3926 1098 3974 ab
1116 3925 1225 3974 Ariadne
1243 3927 1331 3977 occisis

100 4022 163 4070 nihil
180 4020 281 4070 uliuudc
305 4027 457 4083 compartum
474 4020 562 4069 habeo.
588 4023 703 4069 lacunam
726 4036 742 4068 a
766 4036 806 4069 me
829 4020 963 4068 indicatam
987 4021 1153 4081 suppleverim
1176 4021 1214 4069 his
1232 4021 1330 4070 verbis:

101 4115 214 4183 {fratrem
230 4116 324 4164 oceidit.
350 4116 436 4164 Medea
449 4112 540 4163 Aeetae
549 4116 630 4180 ffi⁰i²
648 4115 770 4175 Peliadss,
788 4129 851 4175 quas
867 4114 969 4162 Medeae
985 4114 1094 4176 impulsu
1111 4120 1206 4175 patrem
1224 4115 1331 4163 occisum

100 4212 126 4259 in
144 4226 206 4260 aeno
219 4216 344 4270 coxerunt,
357 4211 423 4259 haud
441 4211 492 4259 scio
509 4227 541 4258 an
559 4211 640 4260 sciens
653 4210 762 4259 omiserit
773 4214 858 4258 auctor
902 4210 933 4255 16
952 4210 1078 4270 progneF
1124 4211 1153 4256 18
1172 4208 1331 4270 harpalich

102 4308 132 4354 19
151 4307 326 4354 themanorum
344 4306 365 4351 F
383 4320 438 4353 corr
455 4305 541 4354 Comm

169 4402 200 4449 21
224 4400 329 4462 philaeis
347 4399 367 4446 F
384 4399 477 4461 philosi
495 4399 544 4448 lab.
563 4398 690 4448 CCXLllI
707 4397 800 4460 meida
818 4398 862 4449 liu
