3082 4950
241 380 303 448 185
323 381 479 448 Atalanta

242 494 303 560 186
324 494 508 577 Melanippe

239 605 301 671 187
324 604 426 687 Alope

241 717 302 781 188
324 716 517 800 Theophane

326 829 387 894 189
409 827 535 894 Procris

324 940 387 1004 190
408 940 556 1007 Theonoe

325 1050 384 1116 191
407 1070 463 1117 rex
483 1051 590 1117 Midas

239 1161 301 1226 192
323 1161 525 1244 Harpalycus

239 1272 301 1337 193
322 1272 516 1355 Endymion

240 1383 302 1448 194
323 1387 404 1466 Atys

239 1494 301 1561 195
322 1495 494 1562 Narcissus

240 1606 301 1671 196
322 1605 612 1689 Hermaphroditus

240 1717 300 1783 197
323 1718 502 1800 Eurydice?

239 1829 301 1895 198
323 1829 468 1895 Maleas?

239 1940 301 2006 199
321 1939 522 2022 Hyacinthus

238 2051 302 2116 200
323 2051 436 2134 Hyas

323 2163 383 2228 201
407 2161 507 2229 Arion

239 2275 303 2340 202
324 2274 421 2340 Orion

240 2388 304 2453 203
325 2387 393 2453 Ρ51

240 2500 303 2565 204
325 2499 434 2564 Venus

240 2610 304 2676 205
324 2610 436 2679 Nisus

240 2722 303 2787 206
325 2720 432 2804 Scylla
453 2721 555 2788 altera

240 2833 302 2898 207
324 2832 444 2899 Chione

325 2944 388 3011 208
409 2943 586 3026 Autolycus

304 3056 387 3122 ’209
409 3053 542 3120 Coronis

324 3168 388 3232 210
410 3164 545 3247 Daphne

239 3279 300 3344 211
323 3277 509 3361 Nyctimene

239 3390 303 3455 212
324 3392 411 3472 Arge

120 3502 125 3517 “
239 3501 302 3566 213
323 3499 504 3584 Harpalyce

239 3613 304 3679 214
324 3613 514 3683 Macareus

240 3724 303 3790 215
325 3723 437 3789 Rhode

239 3836 303 3901 216
325 3834 447 3917 Cyrene
588 3842 592 3847 '

239 3948 302 4012 217
323 3946 516 4024 Hecateallt

239 4058 302 4123 218
323 4056 428 4121 Herse

239 4169 303 4235 219
324 4166 500 4233 Archelaus

240 4281 304 4346 220
326 4297 402 4345 cura

1147 474 1195 539 III

964 609 1025 673 221
1050 613 1171 692 septem
1194 609 1364 692 Sapientes

964 720 1028 784 222
1051 729 1164 800 septem
1186 724 1286 802 Lynici

963 830 1026 897 223
1048 836 1172 913 septem
1191 850 1290 914 opera
1311 832 1472 899 mirabilia

878 940 942 1005 224
963 939 1018 1023 qni
1038 939 1116 1007 facti
1131 948 1207 1013 sunt
1226 962 1265 1011 ex
1279 943 1471 1011 mortalibus

1006 1050 1202 1121 immortales

878 1161 942 1227 225
964 1163 1018 1245 qui
1051 1163 1145 1246 primi
1181 1165 1301 1249 templa
1335 1156 1472 1232 deornm

1008 1275 1246 1342 constituerunt

878 1384 942 1448 226
964 1408 1040 1468 qnae
1062 1390 1202 1450 mortales
1222 1410 1288 1451 eum
1303 1392 1376 1453 love
1399 1411 1472 1451 oon·

1007 1482 1174 1562 cubuerunt

878 1606 940 1673 227
963 1631 1039 1691 qnae
1062 1632 1128 1672 oum
1149 1612 1291 1690 Apolline

878 1718 941 1783 228
965 1741 1040 1803 qnae
1063 1744 1129 1783 oum
1150 1725 1291 1801 Neptuno

861 1829 941 1894 ’229
964 1853 1039 1914 quae
1062 1854 1128 1894 cnm
1149 1837 1297 1897 Mercurio

878 1940 943 2005 230
965 1964 1128 2025 quaecum
1151 1947 1259 2007 Libero

878 2052 939 2117 231
964 2075 1040 2136 quae
1062 2078 1129 2118 eum
1151 2059 1246 2120 Marte

878 2164 941 2230 232
964 2189 1039 2249 qnae
1061 2191 1128 2230 cum
1149 2171 1300 2251 Aquilone

877 2276 940 2341 233
963 2281 1015 2360 qni
1036 2281 1216 2341 immortales
1239 2302 1305 2343 cunr
1323 2283 1471 2358 1111111151·

1003 2391 1113 2452 talibus
1134 2394 1359 2455 concubuerunt

877 2497 942 2563 234
964 2501 1016 2580 qni
1037 2501 1162 2562 fulmine
1183 2504 1237 2567 ioti
1257 2511 1330 2567 sunt

877 2609 942 2675 235
963 2613 1015 2693 qui
1037 2633 1055 2672 a
1074 2614 1216 2691 Neptuno
1238 2648 1280 2661 ·-
1304 2617 1469 2693 pes-ierunt,

1006 2725 1056 2786 vel
1078 2725 1114 2784 ab
1135 2727 1283 2787 Mercurio
1304 2727 1354 2788 vel
1376 2730 1470 2789 5111-

1007 2856 1100 2898 nerva

878 2943 941 3008 236
963 2948 1015 3028 qui
1036 2950 1073 3008 ab
1095 2949 1236 3025 Apolline
1257 2948 1412 3026 perierunt

878 3054 940 3121 237
964 3058 1016 3138 qui
1037 3065 1137 3136 patres
1159 3081 1228 3121 suos
1250 3061 1422 3122 oeciderunt

879 3166 941 3231 238
964 3171 1016 3250 qui
1038 3176 1147 3233 matres
1167 3190 1235 3233 suas
1257 3171 1429 3233 ocoiderunt

878 3277 941 3342 239
963 3282 1016 3361 qui
1039 3282 1145 3345 frenes
1167 3302 1235 3343 suos
1257 3283 1430 3344 occiderunt

877 3389 941 3454 240
963 3397 1062 3469 patres
1086 3393 1138 3472 qui
1163 3392 1242 3456 filios
1262 3414 1332 3457 suos
1353 3395 1469 3455 occide·

1004 3508 1076 3563 runt

877 3610 938 3676 241
963 3610 1017 3694 qui
1037 3609 1121 3677 filias
1144 3629 1221 3677 suas
1243 3612 1431 3683 occiderunt

877 3722 940 3789 242
962 3725 1082 3787 matres
1104 3741 1186 3806 quae
1203 3721 1286 3790 filios
1301 3723 1468 3791 interiece-

1004 3838 1080 3903 runt

877 3944 940 4010 243
962 3963 1044 4028 qnae
1066 3944 1215 4028 coniuges
1245 3963 1322 4013 suos
1343 3945 1468 4012 occide·

1006 4063 1081 4122 runt

877 4166 941 4232 244
961 4168 1016 4251 5111
1031 4168 1180 4250 coniuges
1194 4184 1271 4233 suas
1282 4165 1468 4234 oeciderunt

876 4279 940 4343 245
961 4279 1015 4361 qui
1037 4276 1156 4361 seipsi
1177 4277 1405 4383 interfecerunt
