3082 4950
812 221 872 321 ¹18

237 393 299 457 quo
321 375 375 440 Sol
397 394 460 440 non
483 375 656 440 accederet.
701 375 824 457 Python
847 375 901 441 ubi
925 375 1034 455 sensit,
1057 375 1213 441 Latonam
1236 394 1275 441 ex
1297 377 1374 442 Iove
1397 371 1483 458 gra

236 485 343 551 vidam
366 505 448 567 esse,
470 485 618 568 persequi
642 486 746 568 coepit
768 482 804 552 ut
826 506 896 552 eam
919 486 1124 553 interficeret:
1147 491 1181 551 at
1202 487 1360 553 Latonam
1383 488 1470 554 Iovis

236 597 328 662 iussu
357 603 472 663 ventus
501 597 618 680 Aquilo
650 597 810 664 sublatam
842 599 883 664 ad
912 599 1095 679 Neptunum
1128 598 1268 680 pertulit.
1310 600 1366 666 ille
1398 619 1470 666 eam

237 712 362 774 tutatus
384 715 447 790 est,
477 709 535 774 sed
564 728 605 773 ne
633 709 830 774 rescinderet
852 709 982 774 lunonis
1012 709 1144 790 iactum,
1172 709 1205 774 in
1234 709 1372 776 insulam
1397 730 1470 777 eam

207 815 401 903 50rtygiam
423 819 546 899 detulit,
568 837 662 900 quam
684 820 820 885 insulam
841 819 990 886 fluctibus
1012 821 1182 903 cooperuit.
1214 821 1298 903 quod
1322 839 1393 886 cum
1408 822 1471 904 Py·

236 930 313 996 thon
337 949 407 996 earn
433 949 497 997 non
518 931 707 1011 invenisset,
735 931 930 997 Parnassum
952 933 1049 997 redit:
1079 938 1113 997 at
1134 932 1303 1014 Neptunus
1329 933 1470 999 insulam

236 1043 401 1124 Ortygiam
423 1043 455 1107 in
478 1042 674 1124 superiorem
702 1046 826 1122 partem
849 1043 972 1124 retulit,
1003 1062 1084 1125 quae
1104 1047 1219 1124 postea
1240 1045 1347 1110 insula
1368 1045 1469 1112 Delos

236 1159 286 1218 est
308 1153 479 1235 appellata.
517 1153 560 1217 ibi
575 1154 701 1218 Latona
718 1153 820 1218 oleam
842 1159 955 1221 tenens
976 1156 1061 1237 parit
1075 1155 1256 1237 Apollinem
1273 1161 1306 1221 et
1321 1156 1470 1238 Dianam,

236 1264 349 1346 quibus
371 1264 533 1329 Vulcanus
557 1262 695 1346 sagittas
718 1265 807 1330 dedit
836 1267 962 1331 donum.
992 1272 1067 1348 post
1095 1266 1179 1332 diem
1201 1273 1349 1350 quartum
1371 1287 1469 1351 quam

186 1373 227 1436 10
236 1380 345 1441 essent
367 1375 447 1455 nati,
475 1374 590 1456 Apollo
621 1376 733 1441 matris
759 1394 880 1458 poenas
908 1355 1058 1442 executus
1087 1382 1146 1442 est.
1175 1397 1249 1443 nam
1270 1379 1469 1445 Parnassum

234 1486 322 1551 venit
344 1490 375 1551 et
390 1486 565 1568 Pythonem
588 1485 716 1568 sagittis
737 1486 904 1569 interfecit,
925 1489 1009 1554 unde
1025 1488 1158 1570 Pythius
1181 1494 1232 1555 est
1249 1490 1354 1555 dictus
1377 1509 1469 1556 ossa·

209 1586 295 1679 ¹que
318 1597 385 1661 eius
412 1597 445 1661 in
473 1597 626 1663 cortinam
656 1598 790 1663 coniecit
818 1602 851 1664 et
878 1599 1050 1682 intemplo
1078 1620 1136 1667 suo
1158 1602 1281 1684 posuit,
1309 1602 1468 1685 ludosque

233 1708 383 1775 funebres
407 1709 435 1774 ei
457 1708 544 1790 fecit,
567 1709 620 1791 qui
643 1707 709 1773 ludi
731 1709 848 1790 Pythia
868 1710 1023 1776 dicuntur.

685 1904 838 1988 yOLXIIH
859 1904 1011 1990 Athenaei

318 2043 406 2106 Inter
427 2042 609 2123 Neptunum
637 2046 668 2106 et
689 2041 864 2107 Minervam
887 2060 956 2107 cum
980 2047 1068 2107 esset
1089 2042 1234 2123 certatio,
1266 2044 1318 2125 qui
1340 2046 1465 2128 primus

184 2153 224 2218 15
234 2151 385 2234 oppidum
407 2155 440 2218 in
457 2160 544 2218 terra
558 2153 667 2217 Attica
684 2154 850 2235 conderet,
870 2155 977 2219 Iovem
992 2154 1128 2218 iudicem
1148 2161 1361 2235 sumpserunt.
1405 2159 1466 2225 Mi-

232 2282 332 2330 nerva
353 2265 438 2347 quod
460 2265 595 2348 primum
623 2264 656 2329 in
687 2283 726 2329 ea
746 2269 833 2329 terra
860 2266 961 2331 oleam
985 2267 1082 2346 sevit,
1110 2284 1192 2347 quae
1221 2265 1325 2332 adhuc
1347 2268 1467 2334 dicitur

233 2379 334 2457 stare,
364 2376 538 2442 secundum
568 2393 638 2440 eam
660 2374 833 2441 iudicatum
856 2382 914 2442 est.
945 2382 979 2441 at
1000 2378 1169 2460 Neptunus
1198 2375 1299 2442 iratus
1328 2377 1361 2443 in
1392 2398 1466 2446 eam

231 2493 349 2555 terram
371 2506 458 2554 mare
480 2487 585 2569 coepit
605 2486 738 2569 irrigare
764 2488 861 2566 velle;
892 2489 977 2569 quod
998 2487 1175 2553 Mercurius
1197 2486 1282 2552 lovis
1312 2486 1405 2555 iussu
1432 2492 1467 2556 id

231 2620 271 2665 ne
291 2599 410 2665 faceret
424 2598 594 2681 prohibuit.
624 2599 731 2679 itaque
746 2597 890 2663 Minerva
912 2619 950 2664 ex
971 2617 1029 2663 suo
1044 2598 1171 2663 nomine
1192 2598 1344 2680 oppidum
1365 2601 1467 2668 Athe·

180 2709 289 2777 20111
317 2710 475 2790 condidit,
505 2711 590 2792 quod
620 2710 771 2792 oppidum
800 2711 833 2774 in
863 2710 957 2775 terris
988 2710 1103 2775 dicitur
1128 2708 1263 2791 primum
1292 2727 1365 2775 esse
1388 2729 1464 2778 con·

231 2822 387 2888 stitutum.

230 3080 284 3130 sian
331 3078 442 3138 isaram
459 3077 550 3126 frustra
567 3076 684 3126 Barthius
736 3078 841 3127 tradiit
857 3079 963 3127 Bursian
1011 3082 1040 3127 11
1060 3078 1287 3127 indchorrMu
1307 3074 1318 3146 ΙΙ
1338 3081 1464 3141 posthoc

229 3179 303 3237 caput
320 3173 548 3222 111111111111111
566 3172 615 3220 lab.
627 3170 737 3221 CXLVI.
758 3172 880 3221 CXLVII.
900 3170 1046 3236 [CXLVIII]
1065 3188 1115 3221 non
1131 3172 1204 3220 modo
1223 3185 1236 3218 e
1253 3173 1303 3221 fab.
1319 3172 1398 3222 CXLI
1416 3177 1464 3224 sed

229 3284 258 3318 ex
276 3269 391 3330 Apollod.
408 3269 421 3315 I
438 3270 465 3327 5,
486 3275 508 3315 1.
527 3269 541 3314 2
561 3267 635 3315 etiam
652 3266 809 3315 manifestum
827 3272 865 3316 est

297 3360 421 3429 ychxnn
437 3357 555 3427 Athenaei
574 3362 631 3408 add.
649 3361 764 3422 Micyllus
788 3376 818 3408 ex
835 3361 929 3419 indice,
954 3358 1012 3424 accpi
1033 3353 1146 3425 Ἀθηνᾶς
1171 3356 1214 3410 καὶ
1233 3357 1408 3419 Ποσειδῶνος.
1430 3364 1463 3412 de

228 3457 341 3505 Minerva
360 3460 384 3504 et
394 3456 509 3515 Neptuno
521 3454 655 3503 Dositheus
672 3469 696 3516 p.
710 3457 741 3503 dd
790 3456 820 3502 li
838 3463 933 3502 ecstara
949 3456 1041 3503 frustra
1059 3453 1115 3501 coni
1132 3453 1174 3501 Mu
1221 3457 1251 3502 19
1270 3454 1301 3502 11.
1319 3453 1462 3505 CCLXXV

228 3552 261 3600 20
278 3555 335 3610 post
353 3547 526 3597 ‘constitutum'
545 3547 570 3595 in
588 3549 609 3594 F
626 3548 807 3608 subsequuntur
826 3548 888 3597 duae
906 3522 1005 3598 fabulae
1022 3548 1047 3597 11
1065 3550 1145 3597 indice
1163 3565 1212 3597 non
1230 3551 1350 3610 signatae,
1369 3552 1461 3599 11111-

227 3643 337 3693 servavit
353 3643 482 3705 Micyllus,
507 3657 568 3704 quas
586 3642 618 3690 ab
635 3642 719 3704 inepto
736 3644 843 3703 quodam
860 3643 1035 3704 interpolatore
1052 3644 1151 3705 Hygino
1170 3658 1199 3690 ex
1213 3644 1344 3703 Fulgentio
1360 3644 1398 3691 III
1419 3649 1460 3696 10.

226 3739 264 3786 111
283 3738 298 3785 8
316 3741 413 3786 assutas
431 3752 484 3786 esse
501 3737 623 3786 intellexit
638 3737 801 3787 Munelrerus.
819 3744 877 3787 sunt
894 3743 975 3786 autem
987 3739 1026 3787 his
1043 3738 1127 3786 verbis
1140 3744 1285 3798 conceptae:
1305 3735 1460 3799 Orpheus

225 3832 372 3894 Eurydicem
397 3831 526 3897 (l.-cen)
552 3807 687 3894 nympham
712 3831 806 3879 amavit
829 3848 902 3892 quam
926 3847 987 3882 sono
1013 3834 1121 3881 citharae
1147 3832 1272 3898 (cytharae
1290 3830 1320 3892 F)
1345 3834 1460 3884 mulcens

224 3942 325 3977 uxorem
342 3925 418 3975 duxit.
435 3925 499 3973 hanc
516 3925 642 3974 Aristaeus
660 3924 774 3991 (aristeus
789 3923 820 3989 F)
836 3932 922 3986 pastor
940 3929 997 3974 dum
1015 3941 1101 3974 amans
1119 3926 1235 3987 sequitur,
1254 3928 1298 3972 illa
1315 3926 1412 3986 fugiens
1430 3928 1459 3976 in

225 4026 363 4083 serpentem
375 4019 461 4068 incidit
472 4024 497 4068 et
507 4025 603 4068 mortua
616 4024 659 4067 est.
678 4023 783 4079 postque
793 4021 860 4084 (post
871 4035 944 4081 quam
957 4022 1027 4082 Fulg.
1039 4028 1098 4083 poet
1115 4036 1176 4080 qaae
1186 4019 1211 4069 ’Σ
1224 4022 1280 4068 coll.
1292 4020 1458 4086 CLXXXVI)

224 4116 327 4163 maritus
345 4114 376 4161 ad
394 4114 485 4162 inferos
503 4115 629 4161 descendit
647 4119 671 4161 11
688 4116 767 4174 legem
779 4114 872 4174 accepit
890 4100 923 4162 ne*
938 4130 992 4163 cam
1010 4130 1144 4163 conversus
1156 4116 1289 4175 aspiceret3
1307 4129 1382 4175 quam
1398 4131 1457 4166 con·

224 4223 312 4259 versus
330 4208 451 4269 aspiciens
468 4208 556 4255 iterum
573 4208 688 4267 perdidit.
723 4209 852 4269 Myrrha
876 4223 931 4255 cum
955 4215 1051 4270 patrem
1074 4224 1145 4256 suum
1162 4214 1255 4256 amaret
1279 4209 1414 4259 inebriavit
1431 4218 1458 4261 et

224 4304 261 4352 sic
282 4316 338 4352 cum
362 4316 390 4350 eo
408 4301 551 4349 concubuit.
578 4302 644 4361 quod
666 4307 737 4362 pater
753 4302 861 4350 resciens
885 4308 954 4351 utero
978 4306 1077 4364 plenam
1095 4304 1175 4363 coepit
1192 4303 1322 4363 evaginato
1340 4308 1458 4369 persequi

221 4397 311 4458 gladio.
337 4395 381 4444 illa
398 4396 424 4443 in
447 4395 561 4444 arborem
579 4395 704 4456 myrrham
728 4400 766 4445 est
783 4410 917 4456 conversa,
943 4411 1016 4458 quam
1042 4403 1112 4459 pater
1136 4398 1219 4458 gladio
1244 4398 1334 4447 seriens
1357 4398 1456 4451 Adonis
