3082 4950
747 227 793 292 IX

159 379 287 462 CLXX)
310 380 413 446 Danai
432 379 528 446 rebus
552 380 712 446 destinata
734 385 809 462 post
831 399 856 446 c.
872 380 1047 447 CLXXVII
1068 379 1300 460 traiecerimus,
1326 398 1391 445 non

158 490 371 557 dubitaverim
402 492 547 573 equidem
575 492 658 557 hanc
687 492 809 575 vulgati
837 492 957 557 ordinis
979 491 1186 557 mutationem
1213 491 1391 557 admittere.

158 620 221 684 quo
243 601 327 668 facto
351 603 471 669 senties
494 603 554 668 hoc
576 603 635 668 sibi
662 605 871 687 proposuisse
893 602 1178 686 mythographum,
1207 608 1242 667 ut
1263 603 1333 667 Beli
1359 608 1392 667 et

157 713 314 795 Agenoris
328 714 450 797 Libyae
470 713 606 779 filiorum
623 714 677 795 qui
691 714 811 780 fuerint
829 715 887 780 filii
910 720 1046 796 nepotes
1060 719 1255 796 pronepotes
1273 712 1392 794 duplici

154 823 334 889 fabularum
357 825 483 908 agmine
511 832 696 908 exponeret,
730 845 767 892 ac
796 826 932 909 primurn
961 826 1088 908 quidem
1110 824 1181 891 Beli
1206 824 1391 908 progeniem

158 936 200 1001 ad
222 935 381 1002 Abantem
408 955 511 1018 usque
539 943 686 1019 quartum
709 939 894 1019 deduceret,
925 937 1038 1003 deinde
1060 937 1101 1002 ab
1123 937 1273 1018 Europae
1294 940 1391 1017 raptu

157 1065 290 1112 exorsus
313 1047 581 1130 Agenoridarum,
606 1050 640 1114 id
663 1057 713 1114 est
735 1049 847 1116 Cadmi
870 1049 1010 1115 Semeles
1032 1051 1196 1113 Autonoes
1219 1046 1390 1113 Actaeonis

157 1161 286 1241 Agaues
301 1160 437 1224 Penthei
453 1159 652 1226 calamitates
668 1161 875 1226 continuaret.
890 1178 993 1241 neque
1010 1158 1089 1224 illud
1105 1177 1168 1223 non
1183 1157 1265 1224 feret
1280 1175 1391 1223 assen-

158 1289 244 1350 sum,
274 1272 360 1352 quod
387 1270 530 1336 traiectis
558 1270 621 1336 illis
652 1271 810 1353 capitibus
839 1271 1018 1337 fabularum
1041 1270 1206 1336 CLXXVI.
1227 1270 1289 1334 VH
1316 1268 1391 1351 biga

157 1382 302 1464 (Lycaon
324 1381 475 1463 Callisto)
497 1381 593 1463 vulgo
614 1387 690 1464 post
712 1383 824 1448 CLXX
844 1383 952 1465 posita
974 1382 1115 1464 proxime
1135 1381 1199 1446 iam
1223 1381 1390 1445 antecedet

157 1492 340 1557 Belidarum
362 1493 497 1573 tabulas,
520 1511 599 1574 cum,
622 1493 675 1575 qui
698 1494 866 1576 Pelasgum
882 1494 1039 1576 Lycaonis
1062 1499 1186 1574 patrem
1209 1492 1390 1573 indigenam

157 1603 258 1669 brisso
279 1611 447 1685 negarent,
470 1624 542 1669 eum
564 1605 667 1670 Nioba
688 1605 846 1670 Phoronei
867 1604 934 1669 filia
954 1610 1156 1686 procreatum
1178 1601 1390 1684 perhiberent,

158 1714 278 1795 Libyae
298 1715 426 1797 Epaphi
452 1716 519 1781 filia
539 1717 682 1798 proavia.
726 1717 892 1782 Postremo
920 1716 989 1782 loco
1015 1715 1048 1780 in
1071 1715 1133 1779 tria
1160 1714 1267 1795 capita
1288 1713 1390 1795 inqui-

158 1826 292 1891 rendum
309 1833 359 1890 est
374 1827 603 1892 CLXIV-VI
619 1829 782 1909 Athenae,
803 1829 960 1910 Marsyas,
978 1825 1212 1892 Erichthonius’
1227 1825 1390 1906 inscripta,

157 1935 191 1999 in
212 1954 294 2017 quae
316 1955 443 2002 manum
465 1939 702 2020 interpolatoris
725 1944 905 2020 grassatam
936 1957 1008 2004 esse
1034 1937 1306 2021 supradiximus,
1335 1936 1391 2002 ubi

157 2048 198 2112 de
225 2048 354 2129 Orpheo
383 2050 514 2131 Myrrha
540 2049 655 2115 Libero
684 2055 777 2132 patre
808 2050 998 2116 sententiam
1027 2024 1169 2115 nostram
1198 2049 1390 2143 aperuimus.

158 2177 364 2242 quaecunque
387 2178 412 2225 c.
432 2161 653 2226 CXLIII—V.
676 2162 877 2228 IX—-CLIII
893 2161 1094 2226 continentur
1115 2179 1185 2226 oum
1202 2164 1389 2243 argumento

159 2271 298 2352 capitum
328 2272 730 2338 CLXVIII-CLXXXIV
760 2273 820 2338 hoc
849 2273 969 2338 habent
998 2291 1162 2338 commune
1191 2273 1277 2353 quod
1306 2273 1390 2337 circa

156 2383 318 2448 heroum
342 2388 510 2449 versantur
539 2383 681 2465 fabulas,
712 2403 845 2466 quarum
876 2402 990 2466 agmen
1013 2383 1114 2463 ducit,
1144 2384 1177 2448 id
1206 2384 1291 2465 quod
1313 2384 1390 2447 data

157 2512 255 2575 opera
275 2493 394 2559 facturn
410 2513 482 2558 esse
503 2500 602 2576 patet,
625 2495 783 2560 Phoronei
797 2494 941 2573 historia,
963 2493 1109 2558 nimirum
1133 2500 1167 2558 ut
1183 2494 1391 2558 edocerentur

114 2620 116 2625 ·
157 2604 294 2670 lectores
311 2605 510 2670 Phoroneum
532 2607 694 2685 primum
717 2606 750 2669 in
772 2605 867 2669 terris
889 2622 1043 2686 regnasse
1066 2608 1098 2685 et
1120 2606 1248 2670 deorum
1269 2605 1390 2685 templa

156 2717 286 2797 prima
308 2714 529 2794 constituisse,
561 2715 684 2781 Nioben
713 2721 820 2781 antem
843 2716 911 2780 eius
939 2714 1036 2780 filiam
1066 2717 1227 2798 primam
1250 2715 1389 2781 omniurn

156 2827 336 2891 mortalium
353 2827 393 2892 ab
408 2828 484 2892 Iove
500 2845 714 2908 compressam
731 2846 812 2892 esse.
835 2845 1042 2909 quaecunque
1057 2846 1132 2892 vero
1148 2827 1245 2908 capiti
1260 2826 1389 2892 CXLIII

129 2946 132 2949 '
155 2939 333 3021 praemissa
348 2943 424 3004 sunt
439 2945 629 3020 argumenta
650 2957 714 3003 non
730 2939 793 3003 iam
810 2941 851 3005 ad
870 2940 1000 3004 heroum
1015 2938 1141 3004 fabulas
1156 2940 1317 3021 pertinent
1331 2941 1388 3005 sed

156 3049 320 3114 deorum
342 3049 548 3115 historias.
571 3051 743 3115 verisimile
758 3051 885 3132 quidem
908 3055 958 3115 est
972 3052 1032 3115 hoo
1047 3052 1151 3132 ipsum
1167 3056 1388 3132 argumentum

153 3161 186 3226 in
209 3159 356 3242 congerie
378 3165 491 3226 nostra
513 3161 688 3242 antiquitus
711 3162 864 3243 prolixius
887 3168 1058 3227 tractatum
1080 3161 1194 3243 fuisse,
1217 3163 1347 3227 sedvel
1370 3182 1389 3228 e

153 3272 318 3354 praesenti
341 3272 434 3337 huius
454 3272 631 3354 particulae
649 3273 840 3352 condicione,
862 3273 938 3338 licet
957 3273 1142 3353 humillima,
1164 3273 1389 3355 mythographi

156 3382 438 3463 consiliumillud,
467 3383 579 3448 relatis
607 3384 769 3448 numinum
795 3383 871 3448 fatis
900 3384 1117 3449 nobilissimas
1139 3384 1234 3449 etiam
1256 3385 1388 3450 heroum

155 3493 282 3559 fabulas
306 3494 482 3574 delibandi,
513 3494 742 3560 dilucidissime
765 3513 920 3576 apparere
943 3513 1066 3560 censeo.
1095 3495 1267 3560 iniustam
1294 3497 1391 3578 igitur

153 3605 301 3688 Hyginus
329 3605 491 3670 videretur
519 3606 681 3671 incurrere
708 3606 988 3688 reprehensionem
1016 3606 1043 3670 si
1073 3625 1140 3670 rem
1166 3608 1212 3671 sio
1241 3612 1277 3672 ut
1305 3626 1388 3672 nunc

152 3716 272 3781 lactum
300 3721 350 3781 est
371 3717 584 3797 instituisset,
616 3722 651 3781 ut
678 3717 711 3782 in
740 3717 872 3782 heroum
900 3717 1025 3783 fabulas
1057 3717 1163 3782 subito
1190 3717 1315 3784 iuberet
1342 3720 1388 3783 in-

152 3827 330 3894 cursionem
342 3827 447 3893 facere
462 3829 525 3893 tria
540 3828 590 3892 vel
607 3834 744 3910 quatuor
758 3829 864 3909 capita
876 3829 1105 3894 CLXIV-VI
1120 3830 1206 3915 [VII]
1223 3850 1241 3895 e
1257 3831 1387 3895 deornm

151 3939 296 4004 historiis
320 3938 446 4003 selecta.
469 3958 542 4003 nam
566 3941 652 4021 qnod
673 3942 714 4004 de
735 3939 896 4004 Minervae
915 3940 1148 4006 inventionibus
1171 3942 1277 4022 agitur
1298 3949 1388 4022 post·

150 4069 245 4132 quam
267 4049 463 4132 irrigationis
481 4051 622 4115 meminit
637 4056 781 4133 tempore
796 4051 999 4116 Deucalionis
1015 4051 1127 4131 factae,
1150 4071 1169 4116 a
1192 4071 1256 4134 qua
1270 4072 1386 4117 novum

150 4161 184 4226 in
208 4160 285 4226 orbe
307 4165 463 4226 terrarum
486 4180 592 4226 rerum
609 4163 752 4227 ordinem
768 4163 893 4227 initium
909 4163 1025 4227 ducere
1041 4165 1194 4228 creditum
1217 4168 1275 4243 est,
1297 4182 1335 4228 ea
1350 4183 1385 4229 re

150 4291 263 4338 vereor
284 4277 321 4336 ut
343 4272 422 4337 satis
444 4272 601 4354 probabili
631 4274 677 4338 uti
699 4274 819 4339 turbati
841 4293 940 4338 nexus
964 4275 1159 4356 genealogici
1182 4267 1385 4341 excusatione

150 4383 321 4467 possimus.
351 4383 439 4449 ouius
463 4384 491 4449 si
513 4389 610 4468 caput
633 4385 759 4451 CLXIV
782 4393 987 4451 accusaretur
1009 4386 1127 4467 solum,
1157 4384 1285 4451 defendi
1307 4406 1384 4470 quo-
