3082 4950
787 229 850 297 124

201 381 350 464 palycen,
381 383 499 448 amissa
526 387 629 448 matre
658 385 725 450 eius
754 403 920 451 vaccarum
948 403 1161 467 equarumque
1190 403 1260 452 earn
1282 385 1434 453 uberibus

202 493 335 559 nutrivit
358 498 390 559 et
412 499 606 560 crescentem
622 495 719 561 armIs
739 496 887 577 exercuit,
909 495 1077 561 habiturus
1100 515 1322 564 successorem
1343 498 1435 579 regni

145 651 150 661 .
203 605 260 670 sui.
283 605 486 686 postmodum
508 623 567 671 nec
589 625 664 688 spes
686 611 839 688 paternas
855 607 961 689 puella
982 607 1125 689 decepit3
1152 626 1226 673 nam
1243 607 1291 693 lin!
1308 613 1434 675 tanturn

202 715 350 781 bellatrix
364 716 467 782 evasit
482 721 518 811 ut
536 717 631 782 etiam
654 718 751 784 saluti
767 717 862 784 fuerit
877 717 1012 800 parenti.
1034 736 1107 783 nam
1122 723 1322 786 revertensa
1338 720 1435 786 Troin

118 821 125 830 '
171 825 431 909 bNeoptolemus
460 846 531 894 cum
559 837 755 912 expugnaret
777 829 992 912 Harpalycum
1020 830 1172 912 gravique
1201 849 1273 896 eum
1302 831 1435 898 uulnere

202 938 369 1020 affecisset,
389 939 446 1004 illa
459 939 634 1021 periturum
649 947 772 1022 patrem
789 942 911 1023 impetu
925 940 1010 1006 facto
1027 942 1227 1009 conservarit
1245 941 1435 1025 fugavitque

202 1051 337 1116 hostem.
367 1051 426 1116 sed
454 1056 569 1132 postea
590 1053 790 1135 Harpalycus
813 1072 872 1135 per
894 1053 1082 1119 seditionem
1107 1053 1222 1119 civium
1242 1051 1436 1121 interiectus

203 1167 262 1226 est.
306 1161 487 1244 Harpalyce
509 1163 650 1245 graviter
671 1170 739 1229 tum
764 1165 869 1231 ferens
891 1165 994 1248 patris
1020 1169 1154 1231 mortem
1181 1165 1317 1231 contulit
1343 1166 1434 1232 sein

203 1272 302 1337 silvas
324 1272 431 1354 ibique
452 1276 610 1341 vastando
637 1275 848 1343 iumentorum
871 1276 998 1343 stabula
1019 1276 1149 1342 tandem
1169 1281 1338 1359 postorum
1360 1296 1435 1344 con-

152 1383 299 1451 recursu
320 1383 449 1450 interiit.

682 1585 824 1652 CXCIIII
846 1586 943 1652 Arion

213 1738 216 1744 ·
286 1720 384 1786 Arion
396 1722 639 1803 Methymnaeus
654 1741 724 1791 cum
740 1727 827 1788 esset
842 1728 911 1788 arte
928 1723 1069 1788 citharae
1083 1727 1209 1804 potens,
1230 1740 1286 1788 rex
1299 1721 1434 1789 Perian-

202 1833 279 1898 drus
297 1832 478 1898 Corinthius
497 1853 569 1899 eum
584 1833 702 1899 dilexit
725 1834 863 1915 quicum
880 1853 900 1900 a
917 1853 993 1916 rege
1009 1834 1183 1916 petiisset*
1197 1852 1256 1915 per
1269 1833 1433 1901 civitatem

203 1949 302 2009 artem
320 1961 410 2008 suam
430 1943 593 2009 illustrare
612 1949 644 2009 et
662 1963 811 2026 magnum
830 1946 1054 2027 patrimonium
1076 1945 1275 2028 acquisisset,
1299 1963 1435 2011 eonsen-

203 2059 315 2120 serunt
334 2054 444 2119 famuli
467 2074 536 2120 cum
559 2054 666 2120 nautis
689 2061 726 2120 ut
748 2075 818 2120 eum
841 2056 1064 2123 interficerent.
1087 2057 1137 2121 cui
1155 2056 1270 2138 Apollo
1289 2056 1323 2121 in
1345 2057 1435 2138 quie·

153 2162 192 2228 15
202 2171 265 2231 tem
289 2167 390 2247 venit,
420 2165 512 2248 eique
533 2166 611 2232 dixit
633 2171 669 2230 ut
687 2170 800 2232 ornatu
824 2185 882 2232 suo
900 2173 933 2233 et
956 2185 1102 2233 corona
1124 2167 1311 2233 decantaret
1328 2173 1361 2233 et
1386 2168 1433 2234 eis
1468 2162 1470 2167 ’

202 2297 237 2344 se
252 2278 410 2357 traderet,
433 2278 487 2359 qui
505 2278 534 2343 ei
556 2277 716 2360 praesidio
739 2278 912 2345 venissent.
935 2298 1028 2362 quem
1047 2298 1117 2345 cum
1135 2278 1246 2344 famuli
1264 2284 1297 2344 et
1313 2285 1435 2346 nautae

200 2390 320 2457 vellent
346 2390 539 2471 interficere,
570 2389 651 2472 petit
681 2390 720 2454 ab
750 2388 796 2454 eis
825 2393 862 2453 ut
888 2395 963 2455 ante
991 2392 1187 2456 decantaret.
1219 2407 1289 2455 cum
1322 2396 1433 2457 autem

201 2503 343 2570 citharae
366 2520 490 2568 sonus
514 2505 547 2566 et
569 2520 628 2565 vox
650 2501 718 2567 eius
736 2501 908 2581 audiretur,
931 2501 1072 2584 delphini
1094 2501 1178 2566 circa
1199 2520 1313 2567 navem
1336 2522 1433 2569 vene-

200 2618 292 2695 runt,
315 2614 429 2696 quibus
451 2613 600 2679 illevisis
618 2631 653 2678 se
675 2611 933 2694 praecipitavit*
955 2613 1009 2694 qui
1029 2631 1100 2677 eum
1119 2611 1279 2678 sublatum
1304 2616 1434 2694 [attule

150 2721 192 2785 20
201 2733 276 2790 runt
292 2725 477 2791 Corinthum
494 2726 535 2791 ad
551 2744 658 2807 regern
674 2724 890 2807 Periandrpm.
913 2724 979 2809 qui]
996 2742 1066 2789 cum
1081 2725 1123 2789 ad
1139 2729 1257 2789 terram
1271 2725 1434 2808 'rexisset

202 2837 336 2918 cupidus
356 2837 426 2902 viae
451 2837 634 2918 delphinum
656 2812 689 2900 in
711 2853 798 2900 mare
820 2854 882 2900 non
904 2835 1060 2918 propulit:
1090 2833 1144 2916 qui
1165 2832 1209 2899 ibi
1230 2835 1432 2902 exanimatus

202 2953 259 3012 est.
283 2946 336 3029 qui
354 2965 423 3011 cum
444 2964 538 3012 casus
557 2964 632 3013 suos
652 2945 826 3011 Periandro
844 2951 1018 3028 narrasset,
1039 2944 1136 3011 iussit
1151 2926 1347 3014 Periandrus
1365 2947 1434 3015 del-

201 3059 331 3142 phinum
351 3057 480 3140 sepeliri
501 3062 533 3122 et
549 3059 577 3123 ei
595 3058 822 3123 monimentum
842 3057 920 3123 fieri.
963 3060 1042 3126 Post
1056 3076 1192 3139 paucum
1208 3063 1337 3141 tempus
1351 3078 1434 3124 nun·

201 3170 303 3236 ciatur
318 3168 491 3235 Periandro
507 3187 618 3234 navem
631 3167 816 3234 Corinthum
833 3169 972 3234 delatam
988 3174 1191 3251 tempestate,
1207 3169 1240 3234 in
1256 3188 1321 3253 qua
1332 3172 1435 3238 Arion

149 3277 191 3343 25
200 3286 345 3348 vectatus
366 3279 480 3345 fuerat.
510 3296 589 3362 quos
613 3298 684 3344 cum
702 3281 835 3362 perduoi
860 3282 901 3346 ad
924 3299 960 3346 se
976 3281 1168 3362 imperasset
1189 3287 1222 3346 et
1245 3282 1286 3346 de
1310 3282 1435 3349 Arione

199 3394 380 3476 inquireret,
401 3391 549 3458 dixerunt
565 3410 636 3457 eum
652 3392 757 3459 obisse
776 3397 809 3459 et
824 3411 896 3456 eum
912 3393 1096 3474 sepulturae
1112 3393 1295 3459 tradidisse.
1314 3393 1434 3475 quibus

200 3657 397 3718 Amymombram
411 3660 479 3709 Serv.
491 3661 552 3709 Aen.
564 3661 577 3707 I
589 3661 637 3715 ert
655 3675 680 3720 p.
694 3663 725 3708 62
737 3650 867 3724 ’Ἃμυμνοι
878 3659 914 3707 St.
925 3661 978 3720 Byz
995 3659 1048 3724 (nbi
1065 3652 1221 3724 Ἀμύμνονες
1232 3659 1296 3709 coni.
1313 3659 1436 3727 Salmas.)

201 3751 405 3821 llharpalioenF
457 3759 472 3804 3
492 3752 531 3820 {inl
551 3753 602 3819 fich
652 3757 666 3802 t
686 3752 842 3800 ciriviumF

269 3850 297 3896 11
318 3847 488 3906 methimneus
506 3849 527 3895 F
545 3863 599 3896 corr
617 3848 703 3896 Comm
722 3844 733 3914 ΙΙ
752 3849 868 3910 cytharae
884 3848 905 3895 F
924 3862 979 3895 corr
997 3847 1083 3896 Comrn
1103 3845 1114 3915 fl
1131 3848 1273 3910 Pyranthus
1289 3849 1310 3896 p
1329 3850 1435 3912 ubique,

199 3957 255 3991 corr
271 3942 314 3990 Mn
328 3941 388 3988 Stes
437 3945 466 3990 12
487 3939 518 4007 lat
535 3942 582 3988 sibi
596 3940 683 4005 liceret!
703 3942 822 3990 excidisse
840 3945 908 4002 patet
925 3957 937 3989 e
956 3942 1041 3990 Servio
1055 3942 1124 4003 Virg.
1135 3943 1188 3991 Ecl.
1199 3943 1261 3990 VIII
1280 3945 1312 3991 5⁶
1332 3958 1360 4004 p.
1375 3949 1434 4007 152,

199 4038 241 4098 qui
258 4037 338 4098 pergit
356 4041 495 4097 ‘peragrare
512 4037 574 4085 alias
592 4037 712 4085 civitates'
765 4040 796 4085 18
814 4037 930 4097 cytharae
948 4037 969 4082 F
987 4050 1042 4084 corr
1060 4036 1146 4084 Comm
1200 4040 1229 4086 19
1250 4041 1331 4102 isuper
1349 4038 1434 4107 mam}

199 4132 276 4192 myth.
295 4130 351 4178 Vet.
363 4132 388 4178 II
407 4134 454 4180 172
473 4145 496 4191 p.
510 4133 567 4189 1³4,
586 4134 601 4181 6
621 4129 652 4197 let
668 4130 762 4178 ‹ob-ano
780 4129 890 4191 delphino
907 4138 1017 4191 correptas
1033 4127 1083 4196 coti
1102 4131 1170 4178 Serv.
1188 4132 1205 4177 l.
1218 4146 1238 4178 c.
1256 4145 1281 4192 p.
1296 4134 1347 4181 153
1366 4142 1437 4185 reete

201 4229 239 4275 19.
259 4226 291 4274 20
311 4225 450 4288 [adamasset
466 4260 472 4272 .
486 4259 511 4271 ..
531 4225 580 4285 qao]
599 4226 659 4274 secl.
675 4223 701 4274 Σ
721 4222 731 4291 ΙΙ
756 4221 902 4289 {detexisset
918 4226 973 4272 coni
992 4223 1016 4274 Σ
1035 4227 1082 4274 nisi
1100 4225 1173 4272 etiam
1190 4225 1231 4273 hic
1248 4229 1375 4275 nonnulla
1392 4244 1435 4277 ex·

199 4321 322 4368 ciderunt:
341 4335 393 4367 com
411 4318 447 4365 ad
464 4318 525 4384 llatae
537 4320 638 4366 uenisset
654 4326 676 4367 et
687 4320 727 4368 dle
737 4320 769 4386 inl
788 4327 877 4367 mrram
888 4320 974 4367 coisset
1020 4323 1049 4367 21
1065 4320 1168 4381 protulit
1180 4334 1247 4369 error
1259 4321 1298 4368 ed.
1317 4322 1434 4387 Hcrveg.

201 4416 266 4462 1⁶49
320 4417 351 4462 26
369 4412 499 4460 tradidisse
518 4410 555 4477 {aa}
575 4412 623 4460 Sch
