3082 4950
786 221 829 287 40
935 282 939 291 ,

605 420 625 528 l
630 461 708 544 [1111
729 462 787 527 Ino
808 459 984 544 Euripidis]

282 596 449 679 [Athamas
472 597 504 663 in
520 597 687 664 Thessalia
706 617 775 679 rer,
806 617 876 664 cum
894 598 1025 663 Inonem
1045 614 1175 661 uxorem
1197 614 1236 661 ex
1259 613 1324 678 qua
1342 595 1426 660 duos

196 707 305 773 filios*
317 708 440 791 perisse
453 712 592 791 putaret,
614 709 705 775 duxit
719 709 907 792 †nympbae
919 708 1018 774 filiam
1033 707 1268 775 Themistonem
1284 725 1427 772 uxorein.

198 838 236 884 ex
254 837 293 884 ea
308 820 451 901 geminos
466 819 549 885 filios
571 820 761 903 procreavit.
802 820 921 886 Postea
943 819 1052 885 resciit
1066 819 1196 884 Inonem
1214 818 1247 884 in
1261 818 1427 884 Parnasso

198 949 286 1012 esse,
316 949 397 1012 quac
413 931 630 997 bacchationis
652 951 769 998 caussa
786 951 823 997 eo
840 929 1067 1014 pervenissc*,
1097 929 1262 1015 misithuel
1280 929 1334 1011 qui
1355 948 1426 994 eam

167 1042 401 1108 5adducerent.
425 1062 520 1125 quam
535 1044 706 1109 adductam
719 1043 841 1108 celavit.
873 1042 994 1108 Resciit
1004 1041 1168 1106 Themisto
1181 1059 1251 1107 eam
1263 1041 1428 1107 inventam

198 1172 280 1234 esse,
297 1154 355 1218 sed
371 1172 452 1235 quae
464 1159 552 1219 esset
565 1153 737 1219 nesciebat.
760 1154 865 1236 coepit
877 1154 959 1218 velle
972 1152 1054 1218 filios
1070 1151 1138 1218 eius
1151 1170 1273 1218 necare.
1293 1152 1340 1217 rei
1353 1170 1427 1218 con·

198 1263 312 1345 sciam,
342 1283 436 1346 quam
456 1266 613 1347 captivam
637 1283 710 1331 esse
726 1266 890 1345 credebat,
923 1265 1026 1346 ipsam
1041 1265 1173 1329 Inonem
1190 1263 1328 1346 sumpsit
1348 1262 1429 1330 etei

197 1375 290 1454 dlxii,
321 1380 357 1440 ut
370 1375 454 1440 filios
472 1395 547 1442 suos
564 1377 708 1442 candidis
724 1377 924 1442 vestimentis
940 1375 1077 1458 operiret
1091 1375 1199 1441 Inonis
1215 1374 1298 1440 fillos
1317 1375 1428 1457 nigris.

197 1486 254 1550 Ino
267 1504 343 1551 suos
359 1487 513 1568 candidis,
531 1487 743 1554 Themistonis
758 1488 854 1570 pulbs
870 1487 1003 1570 operuit.
1026 1492 1102 1552 tunc
1112 1487 1275 1552 Themisto
1291 1487 1430 1569 decepta

148 1601 189 1666 10
199 1616 275 1662 suos
291 1597 374 1663 filios
399 1598 521 1664 occidit.
549 1599 582 1664 id
600 1600 654 1665 ubi
677 1599 787 1666 resciit
809 1599 882 1682 ipsa
904 1618 939 1665 se
955 1599 1088 1665 necavit.
1132 1599 1299 1678 [Athamas
1319 1601 1427 1664 autem

199 1709 231 1774 in
245 1710 415 1775 uenatione
432 1729 490 1792 per
505 1710 663 1776 insaniam
680 1711 857 1777 Learchum
873 1711 1024 1776 maiorem
1037 1709 1136 1774 filium
1151 1725 1242 1775 suum
1257 1709 1429 1776 interfecit.

199 1824 234 1885 at
247 1821 304 1885 Ino
321 1836 390 1886 cum
406 1821 525 1887 minore
542 1821 607 1888 filio
618 1822 782 1887 Melicerte
795 1821 828 1887 in
842 1840 930 1887 mare
945 1841 980 1888 se
995 1820 1109 1887 deiecit
1121 1826 1155 1887 et
1167 1822 1230 1886 dea
1243 1825 1293 1887 est
1307 1821 1430 1907 facta.]]

709 2019 738 2084 V
759 2019 916 2084 Athamas

285 2153 409 2219 Semele
432 2155 517 2236 quod
543 2173 613 2220 cum
635 2156 710 2221 Iove
738 2155 966 2236 concubuerat,
996 2154 1035 2222 ob
1058 2154 1092 2220 id
1116 2156 1197 2220 Iuno
1222 2157 1291 2219 toto
1317 2156 1431 2238 generi

201 2267 269 2330 eius
292 2264 352 2330 fuit
366 2264 492 2331 infesta
523 2266 632 2349 itaque
648 2268 804 2332 Athamas
821 2267 913 2333 Aeoli
928 2266 1013 2333 filius
1036 2285 1095 2348 per
1109 2265 1266 2332 insaniam
1283 2266 1316 2332 in
1333 2286 1431 2333 vena-

151 2381 192 2447 15
200 2377 287 2443 tione
308 2377 407 2442 filium
430 2396 522 2444 suum
542 2377 703 2445 interfecit
724 2379 861 2462 sagittis

711 2577 756 2643 VI
778 2576 917 2643 Cadmus

286 2713 425 2779 Cadmus
444 2713 598 2795 Agenoris
623 2717 656 2778 ct
673 2713 830 2796 ArgIopes
854 2711 938 2778 filius
956 2712 1005 2777 ira
1021 2711 1134 2777 Martis
1156 2712 1240 2795 quod
1259 2713 1431 2783 draconem

200 2824 299 2889 fontis
324 2824 456 2890 Castalii
486 2825 650 2890 custodem
682 2824 841 2890 occiderat
862 2842 991 2889 suorum
1019 2823 1109 2906 prole
1137 2824 1330 2907 interempta
1358 2846 1430 2895 cum

201 2934 377 3000 Harmonia
392 2934 526 3000 Veneris
543 2941 576 2999 ct
592 2935 706 3001 Martis
727 2934 794 2999 filia
808 2954 906 3001 uxore
922 2953 982 3000 sua
996 2934 1030 3000 in
1045 2934 1172 3018 Illyriae
1191 2937 1375 3019 regionibus
1397 2941 1431 3007 in

201 3047 356 3111 dracones
379 3049 455 3111 sunt
477 3045 630 3123 conversi.

268 3271 381 3319 11111110
399 3270 449 3317 alia
465 3269 599 3331 Eurypidis
617 3268 673 3334 (sic)
690 3270 778 3331 iudex;
795 3270 905 3331 spuriam
923 3285 977 3320 osse
995 3277 1078 3321 censat
1089 3273 1195 3321 Bursian
1213 3275 1259 3322 IIB
1277 3274 1361 3322 XCIII
1380 3278 1431 3325 lid

201 3370 266 3414 recte
318 3367 332 3413 2
352 3361 468 3432 {suscepit}
487 3364 582 3425 peraeae
599 3365 662 3412 coni.
681 3362 707 3414 Σ
726 3361 737 3431 ΙΙ
757 3365 851 3426 Hypsei
864 3366 908 3413 Mu
928 3362 939 3432 ΙΙ
956 3367 987 3414 dc
1011 3382 1061 3415 acc.
1079 3368 1262 3417 Themistonem
1286 3373 1310 3416 et
1327 3371 1433 3417 Inonem

202 3461 233 3508 cf.
257 3461 327 3507 Naue
350 3459 609 3518 Formenl.1p.353
670 3462 684 3508 ³
713 3457 815 3526 {dicitur}
838 3458 864 3510 Σ
923 3465 938 3510 4
963 3461 1031 3509 misit
1054 3462 1075 3507 F
1099 3477 1154 3510 corr
1177 3461 1203 3513 Σ
1262 3467 1278 3512 8
1303 3464 1333 3511 da
1357 3478 1432 3524 gona-

202 3554 253 3602 tiro
272 3554 356 3601 Inonis
380 3554 449 3600 Naue
466 3553 483 3600 l.
496 3567 518 3600 c.
571 3556 585 3602 9
612 3555 765 3614 opposuitF
789 3569 844 3602 corr
862 3555 957 3603 ToIIIus
974 3562 1066 3616 opertos
1084 3556 1195 3617 opposuit
1210 3558 1233 3605 R
1249 3558 1333 3618 Unger
1351 3557 1432 3607 Sinid.

201 3662 226 3708 p.
240 3650 297 3706 118,
316 3650 348 3695 29

270 3742 294 3787 V
311 3740 400 3802 Spurio
416 3741 496 3789 indica
513 3741 636 3789 Bursiano
653 3743 699 3789 ΠΒ
717 3742 823 3791 XCVIII
841 3744 889 3792 I'Id
944 3747 975 3793 13
998 3744 1044 3792 toti
1059 3745 1098 3792 Βιι
1120 3746 1164 3793 sad
1188 3746 1218 3793 cf.
1237 3747 1326 3808 Zumpt
1343 3748 1365 3808 ξ.
1382 3750 1433 3795 140

273 3838 304 3884 16
322 3834 487 3896 agrisopesF
511 3851 632 3898 argyopes
649 3837 707 3886 ldie.
723 3836 739 3883 i.
758 3853 784 3884 m
807 3837 918 3898 cupiopea
935 3839 978 3886 Mu
997 3835 1008 3905 d
1027 3839 1133 3889 Saclusit
1152 3840 1216 3887 hanc
1240 3840 1350 3888 tabulam
1368 3841 1433 3890 Bur·

202 3929 257 3977 sian
274 3930 292 3978 1.
304 3930 321 3976 1.
340 3929 421 3979 minus
445 3935 525 3989 reete,
552 3946 607 3979 cum
630 3936 715 3979 auctor
737 3932 822 3980 redeat
845 3933 877 3980 ad
900 3947 939 3980 res
964 3934 1015 3981 fab.
1034 3933 1200 3981 CLXXXIIII
1223 3939 1358 3983 enarratas·
1393 3939 1434 3987 Ne

203 4024 300 4072 fabulas
318 4023 416 4083 quidam
434 4024 567 4073 VII-XI
583 4026 641 4074 hinc
663 4026 823 4086 removerIm‚
850 4027 908 4087 quia
931 4042 981 4075 non
998 4028 1072 4075 modo
1094 4027 1157 4075 inter
1173 4029 1324 4090 Polydorum
1343 4029 1433 4080 Cadmi

202 4118 280 4166 fllium
296 4118 407 4166 Labdaci
425 4123 521 4178 patrem
539 4125 563 4167 et
579 4120 668 4168 Laium
684 4120 796 4168 Labdaci
819 4121 896 4168 fllium
914 4122 1005 4170 Thebis
1029 4136 1092 4182 quaa
1115 4136 1154 4170 res
1172 4127 1256 4183 gestae
1273 4128 1357 4171 essent
1374 4126 1433 4174 ado·

203 4213 276 4261 candi
293 4227 404 4273 aramus,
423 4215 466 4261 sed
484 4214 557 4261 etiam
575 4219 631 4276 apte
647 4215 738 4263 Neleus
756 4215 880 4263 Chloridis
898 4216 1002 4264 coniunx
1024 4221 1082 4264 ante
1099 4217 1198 4265 fratrem
1214 4217 1308 4264 Peliam
1326 4232 1434 4269 comma-

203 4307 294 4355 morari
318 4313 430 4374 potarat3
454 4322 602 4367 quamquam
626 4310 732 4356 concedo
755 4310 817 4357 haec
841 4310 923 4369 capita
946 4315 1002 4370 post
1025 4310 1075 4358 fab.
1093 4311 1163 4357 LXV
1186 4312 1351 4360 commodiore
1376 4316 1433 4365 loco

203 4401 294 4451 lectum
311 4401 349 4449 isi
