3082 4950
801 205 843 272 8,
1389 88 1456 223 aa.

209 359 295 426 Iovis
318 359 455 442 imperat
476 359 647 441 Mercurio,
673 365 710 425 ut
731 361 870 426 deducat
892 377 947 426 eas
968 361 1002 426 in
1024 361 1083 427 Ida
1102 364 1210 427 monte
1238 362 1281 427 ad
1302 361 1442 427 Alexan-

209 473 300 537 drum
316 473 472 553 Paridem,
495 492 628 554 eumque
648 472 758 538 iubeat
779 472 929 539 iudicare.
973 473 1031 539 Cui
1051 474 1141 554 Iuno,
1166 473 1194 538 si
1214 474 1392 539 secundum
1408 492 1443 540 sc
1484 484 1500 503 ⁸·

209 583 398 665 iudicasset,
427 583 568 666 pollicita
590 584 694 650 estin
718 583 863 650 omnibus
889 585 986 650 terris
1009 603 1081 650 eum
1102 589 1309 667 regnaturum
1331 585 1443 662 †divi-

211 700 276 760 tem
290 701 419 778 praeter
441 699 608 776 claleteros
623 700 878 778 praestaturum:
900 696 1052 776 Minerva,
1073 695 1102 760 si
1121 696 1196 762 inde
1210 696 1325 763 victrix
1340 697 1444 763 disce

181 804 310 888 bderet,
331 806 587 884 †formissimum
601 806 686 872 inter
699 807 852 872 mortales
867 807 1008 872 futurum
1029 813 1061 873 et
1076 807 1162 872 omni
1177 807 1310 874 artificio
1326 808 1442 874 scium:

210 918 318 984 Venus
340 922 447 984 autem
462 918 618 985 Helenam
633 919 792 1001 Tyndarei
813 917 911 984 filiam
929 918 1190 984 formosissimam
1213 919 1352 985 omnium
1376 939 1445 985 mu·

210 1029 323 1094 lierum
345 1048 381 1094 se
402 1029 434 1095 in
450 1029 630 1113 coniugium
645 1031 722 1095 dare
736 1029 891 1112 promisit.
934 1030 1026 1096 Paris
1041 1031 1159 1096 donum
1174 1031 1336 1113 posterius
1358 1031 1445 1124 prid

210 1140 298 1206 ribus
321 1141 506 1223 anteposuit
526 1142 744 1223 Veneremque
765 1141 1008 1223 pulcherrimam
1031 1160 1103 1207 esse
1129 1143 1289 1208 iudicavit.
1333 1143 1385 1209 Ob
1411 1143 1445 1209 id

211 1253 290 1317 Iuno
314 1252 509 1318 et·Minerva
530 1252 675 1318 Troianis
697 1252 826 1319 fuerunt
846 1251 991 1318 infestae.
1035 1253 1217 1320 Alexander
1229 1254 1366 1321 Veneris
1387 1255 1446 1321 im·

165 1362 205 1426 10
213 1364 308 1444 pulsu
322 1363 477 1429 Helenam
499 1365 775 1431 aLacedaemone
798 1364 837 1430 ab
859 1364 988 1447 hospite
1002 1365 1148 1431 Menelao
1164 1365 1289 1432 Troiam
1312 1367 1447 1432 abduxit

214 1493 346 1557 eamque
368 1475 401 1541 in
424 1475 569 1558 coniugio
590 1475 703 1540 habuit
725 1494 795 1541 cum
813 1475 937 1542 ancillis
959 1476 1084 1542 duabus
1102 1478 1224 1542 Aethra
1246 1483 1279 1542 et
1300 1477 1447 1554 †Thisa-

213 1585 274 1668 die,
295 1605 376 1668 quas
391 1587 506 1653 Castor
521 1592 553 1653 et
567 1588 679 1654 Pollux
695 1587 838 1670 captivas
855 1587 884 1653 ei
902 1574 1107 1670 assignarant
1121 1588 1292 1671 aliquando
1306 1589 1447 1672 reginas.

673 1784 778 1851 XCIII
799 1782 983 1850 Cassandra

302 1920 484 1986 Cassandra
505 1920 624 1986 Priami
653 1925 686 1985 et
708 1920 860 1986 Hecubae
880 1919 947 1986 filia
975 1919 1007 1985 in
1030 1920 1187 2003 Apollinis
1209 1920 1283 1987 fano
1304 1922 1448 1990 ludendo

216 2033 306 2097 lassa
328 2031 526 2099 obdormisse
549 2030 672 2097 dicitur.
694 2050 790 2113 quam
805 2031 1013 2114 Apollo'cum
1028 2033 1126 2098 vellet
1141 2033 1357 2115 comprimere,
1379 2053 1448 2100 cor·

168 2142 304 2225 lbporis
327 2142 450 2224 copiam
477 2162 540 2208 non
562 2142 646 2209 lecit.
676 2143 716 2208 ob
745 2161 840 2224 quam
868 2161 935 2208 rem
956 2142 1072 2224 Apollo
1102 2142 1178 2209 fecit
1199 2149 1249 2226 ut,
1278 2163 1349 2210 cum
1371 2165 1450 2213 vera

216 2253 458 2336 vaticinaretur,
479 2254 573 2320 fidem
595 2274 658 2320 non
681 2254 823 2320 haberet

697 2450 797 2517 XCIV
819 2449 960 2515 Anchisa

302 2589 411 2655 Venus
426 2589 598 2655 Anchisam
614 2588 765 2654 Assaraci
779 2587 880 2652 filium
896 2605 1023 2653 amasse
1045 2592 1077 2653 et
1094 2606 1164 2654 cum
1187 2608 1224 2657 eo
1240 2588 1451 2656 concubuisse

219 2700 342 2765 dicitur.
366 2719 404 2765 ex
426 2720 488 2782 quo
510 2700 691 2782 procreavit
708 2701 848 2766 Aeneam
871 2697 962 2780 eique
976 2699 1149 2781 praecepit,
1171 2719 1211 2765 ne
1229 2700 1263 2765 id
1285 2702 1372 2782 apud
1394 2702 1452 2767 ho-

219 2811 320 2877 mines
343 2811 549 2878 emundaret·
562 2813 647 2893 quod
669 2811 827 2877 Anchises
849 2810 933 2876 iuter
955 2809 1083 2876 sodales
1104 2811 1290 2893 parvinum
1312 2818 1364 2878 est
1386 2813 1452 2878 elo·

99 2927 104 2938 '
168 2925 210 2990 20
220 2926 328 2987 cutus:
357 2922 398 2987 ob
427 2922 461 2987 id
491 2941 510 2986 a
535 2923 612 2988 Iove
632 2921 763 2986 fulmine
790 2926 840 2986 est
865 2920 958 2987 ictus.
1002 2920 1138 2999 Quidam
1167 2922 1276 2988 dicrurt
1297 2941 1369 2990 eum
1391 2918 1453 3011 sua

219 3038 322 3100 morte
343 3033 458 3099 obisse.

222 3264 234 3308 1
254 3254 334 3323 πρὸς
350 3251 567 3322 Ἀλέξανδρον
585 3253 618 3308 ἐν
630 3248 706 3324 Ἴδῃ
726 3252 789 3309 κατὰ
809 3251 870 3315 aad<
886 3251 1031 3321 προσταγήν
1049 3249 1091 3322 ὑφ’
1109 3249 1208 3322 Ἑρμοῦ
1226 3252 1289 3321 πρὸς
1305 3252 1353 3324 τὴν
1371 3257 1452 3323 κρίσιν

221 3346 323 3418 ἄγονται
340 3353 444 3402 Photius
464 3351 473 3420 Η
494 3354 565 3401 Idem
587 3358 688 3400 montem
705 3353 744 3400 Bn
797 3357 811 3401 3
830 3351 923 3399 divitiis
941 3351 997 3398 Mic.
1017 3351 1032 3397 i.
1050 3366 1082 3398 m.
1100 3358 1123 3398 et
1140 3351 1230 3398 dania
1247 3352 1379 3412 Wopkens
1396 3359 1454 3415 post

220 3450 383 3497 Munekerum
405 3449 431 3496 id
449 3448 515 3508 quod
532 3452 571 3496 est
589 3446 700 3508 ‘praeter’
723 3448 787 3494 male
809 3448 835 3493 in
854 3444 996 3506 ‘praeterea'
1014 3450 1156 3493 mutantem.
1183 3447 1338 3506 ‘divitemque
1355 3455 1454 3508 praeter

221 3549 315 3593 eeteros
340 3559 364 3591 ae
386 3541 574 3606 praestaturum’
597 3541 707 3590 voluisse
730 3536 812 3602 isqui
836 3542 898 3588 haec
919 3539 1016 3599 intulit,
1040 3539 1138 3587 videtur
1156 3537 1195 3600 23
1218 3541 1314 3601 estqui
1332 3543 1453 3592 coniciet:

221 3647 309 3688 ceteros
324 3639 432 3695 setonam
449 3665 482 3675 -
500 3636 613 3685 mortales
633 3642 816 3698 praestaturam
876 3637 891 3683 5
915 3634 1091 3683 fermissimam
1107 3635 1129 3681 F
1142 3635 1348 3696 formosissimam
1366 3636 1454 3684 comm

212 3734 376 3795 fortissimam
392 3733 436 3780 Mu
452 3734 504 3792 Bu,
522 3737 588 3781 recte
605 3731 631 3778 ni
648 3731 722 3779 fallor
740 3727 750 3796 ΙΙ
771 3737 792 3777 et
809 3731 873 3778 omni
889 3729 993 3792 artptcio
1011 3729 1085 3778 eciem
1102 3729 1284 3791 interpolatoris
1301 3744 1356 3778 esse
1374 3731 1455 3793 suspi-

222 3834 292 3877 catur
309 3825 334 3876 Σ
388 3831 417 3875 11
438 3841 513 3888 supra
530 3826 637 3874 LXXIX
654 3826 797 3874 Phisadiem

291 3920 523 3982 XCHI-XCHII]
542 3919 767 3969 xcun-xcm
785 3920 840 3967 coni
853 3916 885 3968 Σ.
905 3933 963 3965 nam
977 3918 1003 3965 in
1017 3917 1165 3980 Cypriorum
1183 3918 1198 3964 l.
1212 3919 1239 3965 1⁰
1258 3919 1323 3965 unde
1335 3918 1399 3966 haee
1413 3920 1454 3966 de·

222 4022 337 4080 prompto
354 4020 411 4064 sunt
427 4031 509 4063 rerum
525 4017 585 4064 ordo
603 4015 644 4063 hie
662 4020 699 4064 est
713 4019 774 4062 testa
788 4014 877 4062 Photio
895 4007 914 4079 η’
932 4005 1072 4078 Ἀφροδίτη
1092 4012 1212 4076 συμπλεῖν
1231 4008 1364 4062 Αἰνείαν
1383 4005 1454 4079 αὐτῷ

222 4109 321 4164 κελεύει
337 4108 381 4162 καλ
394 4105 601 4174 Κασσάνδρα
617 4106 675 4171 περὶ
691 4109 741 4160 τῶν
761 4105 900 4174 μελλόντων
916 4102 1060 4171 προδηλοῖΙΙ
1072 4103 1129 4170 περὶ
1148 4099 1306 4166 ’Λπόλλωνος
1325 4104 1371 4156 καὶ
1384 4105 1455 4157 Κασ-

223 4204 339 4269 σάνδρας.
367 4205 397 4254 de
416 4205 531 4265 Apolline
549 4210 573 4252 et
589 4203 731 4252 Cassandra
747 4203 882 4250 Dositheus
899 4217 923 4262 p.
937 4205 967 4251 67

292 4299 372 4347 XCIV
389 4296 447 4362 περὶ
462 4289 590 4362 Ἀγχίσου.
611 4299 641 4346 de
659 4298 760 4346 anchisa
783 4298 918 4344 Dositheus
936 4312 960 4357 p.
975 4299 1005 4346 67
1025 4291 1035 4360 ΙΙ
1053 4294 1174 4342 Anchises
1187 4295 1225 4341 Bu
1279 4297 1308 4343 17
1328 4292 1454 4343 Anchisen

224 4395 263 4442 Bu
283 4393 293 4460 ΙΙ
316 4394 455 4443 assariciF
480 4408 534 4440 corr
552 4392 640 4439 Comm
693 4394 723 4440 19
742 4393 827 4439 vivum
845 4393 865 4438 F
891 4407 945 4438 corr
963 4392 983 4438 P
1001 4395 1052 4452 p.7
1107 4388 1148 4437 20.
1167 4392 1197 4437 21
1217 4402 1284 4435 seam
1301 4395 1400 4437 mortem
1417 4390 1457 4437 Bu
