3082 4950
692 204 731 269 19

569 441 679 509 CLXV
700 443 848 525 Marsyas

180 579 325 645 Minerva
345 579 440 646 tibias
457 578 572 644 dicitur
593 580 696 661 prima
718 599 757 644 ex
779 598 853 645 osse
869 579 994 645 cervino
1010 579 1125 646 fecisse
1145 586 1177 656 et
1194 581 1235 647 ad
1251 600 1327 663 epu-

94 691 159 754 lum
182 691 313 755 deorum
336 695 499 755 cantatum
515 690 651 756 venisse.
694 691 773 755 Iuno
793 696 825 756 et
839 691 949 755 Venus
965 709 1035 757 cum
1057 711 1127 758 eam
1150 692 1327 773 irriderent,

95 801 181 882 quod
204 807 237 866 et
258 800 364 866 caesia
386 807 456 866 erat
477 807 510 866 et
524 802 640 867 buccas
655 800 790 883 inflaret,
812 801 907 867 foeda
922 802 992 867 visa
1015 809 1047 867 et
1061 802 1093 868 in
1117 808 1213 869 cantu
1233 803 1329 869 irrisa

95 912 127 977 in
150 913 241 977 Idam
264 912 377 978 silvam
400 914 441 977 ad
463 912 583 978 fontem
605 913 693 979 venit
714 904 820 994 ibique
837 918 970 979 cantans
992 914 1024 980 in
1047 932 1131 995 aqua
1153 933 1187 978 se
1203 915 1328 997 aspexit

96 1029 130 1088 et
151 1023 232 1088 vidit
253 1043 289 1088 se
311 1025 423 1089 merito
444 1024 586 1090 irrisam:
608 1025 693 1091 unde
715 1024 810 1090 tibias
833 1024 875 1089 ibi
891 1015 1006 1090 abiecit
1027 1030 1060 1089 et
1074 1024 1249 1106 imprecata
1270 1024 1357 1106 esth

96 1140 133 1198 ut
154 1135 299 1217 quisquis
322 1153 377 1199 eas
400 1135 587 1201 sustulisset
609 1136 699 1218 gravi
721 1134 901 1200 afficeretur
925 1136 1090 1218 supplicio.
1134 1136 1222 1214 Quas
1243 1136 1328 1201 Mar-

96 1262 172 1327 syas
187 1245 306 1327 Oeagri
326 1244 411 1311 filius
433 1266 516 1312 unus
539 1266 557 1312 e
578 1246 695 1329 satyris
718 1247 854 1326 invenit3
879 1248 994 1328 quibus
1013 1247 1143 1312 assidue
1165 1246 1329 1312 commole-

95 1356 194 1421 tondo
224 1375 337 1422 sonum
366 1357 544 1423 suaviorem
571 1357 605 1423 in
635 1357 703 1423 dies
730 1357 881 1437 faciebat,
914 1359 995 1424 adeo
1021 1362 1057 1423 ut
1085 1358 1264 1440 Apollinem
1286 1358 1329 1423 ad

96 1466 237 1532 citharae
253 1471 380 1532 cantum
395 1469 427 1532 in
444 1474 603 1534 certamen
618 1472 814 1550 provocaret.
837 1487 900 1550 quo
917 1476 953 1535 ut
968 1468 1082 1551 Apollo
1097 1469 1194 1550 venit,
1213 1469 1326 1535 Musas

96 1577 217 1643 iudices
240 1583 462 1660 sumpserunt:
496 1583 621 1643 etcum
652 1578 715 1644 iam
739 1580 885 1662 Marsyas
916 1580 990 1644 inda
1020 1580 1120 1645 victor
1142 1581 1329 1662 discederet,
1340 1582 1380 1646 10

96 1689 212 1771 Apollo
234 1691 388 1755 citharam
411 1690 560 1755 versabat
581 1691 727 1772 idemque
749 1710 847 1757 sonus
871 1696 955 1770 erat;
985 1691 1069 1772 quod
1091 1690 1222 1773 Marsya
1243 1691 1330 1756 tibiis

95 1799 201 1866 facere
223 1820 285 1866 non
308 1801 421 1883 potuit.
451 1802 559 1883 itaque
582 1802 696 1882 Apollo
719 1802 836 1867 victum
858 1803 1010 1884 Marsyan
1032 1802 1074 1867 ad
1092 1802 1235 1867 arborem
1257 1802 1330 1867 reli-

97 1918 207 1993 gatum
229 1912 366 1995 Scythae
388 1912 521 1977 tradidit
542 1912 595 1994 qui
625 1932 696 1978 eum
718 1914 916 1979 membratim
944 1913 1145 1996 †separavit.
1173 1915 1329 1996 reliquum

44 2060 46 2063 ·
97 2041 212 2105 corpus
243 2023 399 2104 discipulo
422 2022 558 2106 Olympo
589 2025 774 2106 sepulturae
801 2025 947 2091 tradidit:
981 2045 999 2092 e
1028 2025 1117 2090 cuius
1149 2024 1329 2108 sanguine*

96 2134 212 2200 flumen
235 2133 427 2217 ‘Marsya'
450 2141 501 2201 est
523 2134 728 2217 appellatum.
1340 2138 1381 2205 15

525 2330 652 2396 CLXVI
674 2331 900 2397 Erichthonius

183 2468 345 2535 Vulcanus
368 2466 436 2533 iovi
458 2468 678 2548 cialeterisque
700 2467 761 2532 diis
784 2467 865 2533 solia
887 2485 984 2532 aurea
1005 2485 1044 2532 ex
1065 2467 1234 2532 adamante
1258 2484 1329 2532 cum

97 2579 243 2659 fecisset,
275 2579 355 2642 Iuno
377 2595 447 2643 cum
470 2579 609 2644 sedisset
638 2578 743 2643 subito
773 2579 804 2643 in
834 2585 909 2643 aare
937 2577 1077 2659 pendere
1100 2578 1212 2660 coepit.
1244 2581 1329 2660 quod

98 2708 169 2755 cum
192 2690 233 2754 ad
254 2689 431 2777 Vulcanum
453 2688 584 2753 missum
608 2693 710 2769 esset,
740 2693 776 2753 ut
808 2693 940 2754 matrem
970 2707 1064 2770 quam
1086 2689 1242 2772 ligaverat
1265 2690 1327 2755 sol·

96 2805 204 2880 verat,
233 2801 336 2865 iratus
358 2801 443 2882 quod
474 2801 514 2865 de
543 2800 631 2865 coelo
653 2800 883 2882 praecipitatus
913 2803 984 2865 erat
1012 2806 1109 2882 negat
1137 2819 1173 2865 se
1195 2807 1328 2868 matrem

96 2913 195 2978 ullam
217 2911 345 2977 hahere.
374 2930 467 2993 quem
498 2930 566 2977 cum
590 2911 686 2978 Liber
713 2918 806 2993 pater
835 2911 955 2976 ebrium
982 2911 1015 2976 in
1037 2911 1169 2977 concilio
1198 2912 1381 2979 deorum20

98 3022 294 3102 adduxisset,
315 3022 429 3104 pietati
444 3041 563 3104 negare
578 3042 641 3089 non
663 3023 782 3104 potuit:
804 3026 872 3087 tum
888 3021 1048 3105 optionem
1065 3024 1175 3090 alove
1197 3027 1328 3109 accepit,

96 3290 185 3338 exinde
208 3293 349 3348 natusest,
375 3303 447 3348 quam
464 3290 548 3337 Venus
572 3287 702 3348 diligens*
726 3287 835 3352 (Mesunt
857 3287 959 3349 reliqua'
977 3286 1102 3352 Micyllus)
1123 3285 1133 3355 ΙΙ
1152 3291 1230 3338 verba
1249 3294 1329 3350 ‘quern

95 3385 183 3433 Venus
200 3383 313 3444 diligens'
330 3397 380 3430 non
399 3384 510 3444 agnoscit
527 3382 671 3442 Fulgentius
688 3396 712 3442 p.
726 3386 775 3432 212
794 3383 831 3430 ed.
853 3382 940 3431 Corum

167 3462 257 3527 CLXV
280 3478 430 3539 marsyas?
453 3474 511 3540 περὶ
535 3471 673 3539 Μαρσύου.
701 3477 732 3524 do
756 3491 855 3525 marsna
877 3477 1012 3526 Dositheus
1036 3492 1061 3538 p.
1075 3479 1107 3526 61
1169 3480 1183 3527 3
1207 3485 1267 3524 esset
1289 3480 1329 3527 Bu

95 3576 111 3622 4
124 3574 222 3634 sylvam
235 3574 255 3619 F
291 3575 304 3620 1
323 3571 423 3631 Hyapni
434 3571 573 3618 dubitanter
585 3571 629 3617 Mu
641 3565 651 3636 ΙΙ
664 3586 692 3617 ex
705 3570 766 3618 turis
778 3572 799 3617 F
811 3587 841 3619 ex
853 3571 943 3634 satyris
955 3570 1013 3618 Mic.
1024 3571 1041 3618 i.
1053 3586 1085 3618 m.
1101 3584 1162 3618 amas
1175 3586 1187 3618 e
1199 3572 1289 3631 satyris
1303 3570 1328 3623 Σ

98 3667 172 3734 (unus
184 3683 213 3714 ex
224 3667 305 3727 tityris
318 3664 415 3712 Salmas
427 3665 459 3712 ad
471 3664 581 3711 Solinum
593 3679 618 3725 p.
634 3663 692 3728 119)
737 3666 912 3727 9cytharaeF
959 3670 988 3713 11
1003 3665 1164 3727 cytharamF
1212 3668 1242 3713 13
1257 3666 1327 3728 [eum]

95 3759 243 3807 membratim
265 3767 340 3807 cadem
363 3760 387 3806 εἰ
408 3759 530 3819 separarit
555 3758 610 3806 Sch.
635 3760 690 3806 coll.
713 3760 800 3820 Apicio
823 3761 852 3807 de
875 3759 1069 3820 opson.V1111
1094 3776 1118 3821 p.
1132 3763 1165 3809 60
1188 3761 1328 3808 Bernhold:

97 3856 141 3902 ‘ita
158 3858 281 3902 utentem
305 3867 409 3900 acerne
428 3853 534 3913 separas'
560 3850 637 3919 lpellle
653 3853 764 3914 privavit
780 3851 805 3902 Σ
822 3854 877 3901 coll.
895 3854 1007 3901 Lactant.
1026 3869 1077 3915 arg.
1098 3853 1328 3902 Ovid.m0t.v'1a

97 3951 130 3997 15
148 3962 265 4008 marsyam
276 3948 297 3993 1¹¹
308 3948 421 4009 Marsyas
434 3947 490 3994 Sch.
505 3949 608 4007 Marsya
621 3946 645 3998 Σ
664 3948 719 3996 coil.
734 3947 808 3994 Ovid.
821 3946 879 3995 Met.
891 3948 927 3994 VI
945 3951 1003 4007 400,
1021 3950 1087 3997 unda
1105 3948 1212 3996 conicias
1227 3949 1330 4008 Marsya

95 4039 298 4160 ηῇἓέρθὲἒᾝς
324 4094 354 4140 cf.
373 4093 412 4140 nr.
432 4094 501 4141 Neue
518 4094 667 4140 Formenl.1
684 4108 708 4154 p.
723 4095 764 4143 37.
783 4095 815 4141 38
833 4098 858 4141 et
872 4093 903 4141 dc
921 4107 972 4140 ecc.
990 4093 1108 4154 Marsyan
1120 4093 1143 4154 ᾖ.
1157 4095 1188 4141 19
1207 4108 1230 4153 p.
1244 4095 1285 4142 66.
1299 4095 1330 4143 51

168 4190 198 4234 lh
224 4189 304 4235 soleas
328 4188 453 4234 aureasF
479 4202 533 4235 corr
557 4188 605 4235 Soh
629 4189 676 4235 hoc
700 4194 743 4236 aut
766 4187 836 4233 sellas
861 4200 949 4234 aureas
967 4186 1009 4232 Mu
1029 4183 1040 4251 ΙΙ
1064 4186 1102 4247 ex]
1127 4201 1190 4232 meaa
1217 4186 1329 4234 «Iacobus

95 4279 242 4329 Perizonius
289 4282 321 4329 20
339 4281 463 4328 concilium
481 4282 519 4329 Bu
567 4285 597 4329 21
617 4282 765 4342 promissum
783 4281 877 4340 accepit
892 4285 919 4327 ut
936 4279 1055 4340 quidquid
1073 4280 1148 4326 vellet
1164 4286 1331 4340 praesumeret

96 4375 210 4436 Fulgent
230 4375 318 4433 1114,
345 4375 409 4422 unde
435 4381 477 4422 aut
496 4375 699 4435 ‘promissionem‘
725 4389 770 4435 pro
795 4373 934 4434 ‘optionem'
960 4375 1091 4436 legendum
1114 4379 1156 4421 aut
1174 4353 1329 4434 ‘impetraret’

1080 4464 1124 4529 2*
