<?xml version="1.0" encoding="UTF-8"?>
<!DOCTYPE html PUBLIC "-//W3C//DTD XHTML 1.0 Transitional//EN"
    "http://www.w3.org/TR/xhtml1/DTD/xhtml1-transitional.dtd">
<html xmlns="http://www.w3.org/1999/xhtml" xml:lang="en" lang="en">
 <head>
  <title>
</title>
<meta http-equiv="Content-Type" content="text/html;charset=utf-8" />
  <meta name='ocr-system' content='tesseract 3.04.00' />
  <meta name='ocr-capabilities' content='ocr_page ocr_carea ocr_par ocr_line ocrx_word'/>
</head>
<body>
  <div class='ocr_page' id='page_1' title='image "./hyginifabulae00hygigoog_0045.png"; bbox 0 0 3082 4950; ppageno 0'>
   <div class='ocr_carea' id='block_1_1' title="bbox 735 208 793 272">
    <p class='ocr_par' dir='ltr' id='par_1_1' title="bbox 735 208 793 272">
     <span class='ocr_line' id='line_1_1' title="bbox 735 208 793 272; baseline 0 0"><span class='ocrx_word' id='word_1_1' title='bbox 735 208 793 272; x_wconf 90' lang='lat' dir='ltr'><em>XL</em></span> 
     </span>
    </p>
   </div>
   <div class='ocr_carea' id='block_1_2' title="bbox 92 357 1390 3675">
    <p class='ocr_par' dir='ltr' id='par_1_2' title="bbox 92 357 1390 3675">
     <span class='ocr_line' id='line_1_2' title="bbox 148 357 1385 446; baseline 0.001 -23"><span class='ocrx_word' id='word_1_2' title='bbox 148 359 249 425; x_wconf 87' lang='lat' dir='ltr'><em>verba</em></span> <span class='ocrx_word' id='word_1_3' title='bbox 269 359 397 425; x_wconf 87' lang='lat' dir='ltr'><em>seclusa</em></span> <span class='ocrx_word' id='word_1_4' title='bbox 414 360 663 445; x_wconf 71' lang='lat' dir='ltr'><em>Apamensem</em></span> <span class='ocrx_word' id='word_1_5' title='bbox 683 369 715 426; x_wconf 88' lang='lat' dir='ltr'><em>el</em></span> <span class='ocrx_word' id='word_1_6' title='bbox 736 360 989 446; x_wconf 71' lang='lat' dir='ltr'><em>Clytemestrae</em></span> <span class='ocrx_word' id='word_1_7' title='bbox 1010 358 1114 444; x_wconf 74' lang='lat' dir='ltr'><em>filiam</em></span> <span class='ocrx_word' id='word_1_8' title='bbox 1131 378 1282 425; x_wconf 79' lang='lat' dir='ltr'><em>sororem</em></span> <span class='ocrx_word' id='word_1_9' title='bbox 1300 357 1385 424; x_wconf 84' lang='lat' dir='ltr'><em>Ore·</em></span> 
     </span>
     <span class='ocr_line' id='line_1_3' title="bbox 149 471 1387 556; baseline 0.003 -22"><span class='ocrx_word' id='word_1_10' title='bbox 149 473 298 535; x_wconf 73' lang='lat' dir='ltr'><em>alienon</em></span> <span class='ocrx_word' id='word_1_11' title='bbox 328 471 430 553; x_wconf 62' lang='lat' dir='ltr'><em>mags</em></span> <span class='ocrx_word' id='word_1_12' title='bbox 459 471 599 555; x_wconf 89' lang='lat' dir='ltr'><em>genuina</em></span> <span class='ocrx_word' id='word_1_13' title='bbox 626 477 718 553; x_wconf 91' lang='lat' dir='ltr'><em>sunt,</em></span> <span class='ocrx_word' id='word_1_14' title='bbox 751 491 846 556; x_wconf 90' lang='lat' dir='ltr'><em>quam</em></span> <span class='ocrx_word' id='word_1_15' title='bbox 873 491 958 555; x_wconf 90' lang='lat' dir='ltr'><em>quae</em></span> <span class='ocrx_word' id='word_1_16' title='bbox 984 473 1044 539; x_wconf 90' lang='lat' dir='ltr'><em>sub</em></span> <span class='ocrx_word' id='word_1_17' title='bbox 1073 471 1169 538; x_wconf 87' lang='lat' dir='ltr'><em>finem</em></span> <span class='ocrx_word' id='word_1_18' title='bbox 1198 472 1387 539; x_wconf 89' lang='lat' dir='ltr'><em>redundant</em></span> 
     </span>
     <span class='ocr_line' id='line_1_4' title="bbox 151 581 1387 668; baseline 0.004 -24"><span class='ocrx_word' id='word_1_19' title='bbox 151 581 368 664; x_wconf 77' lang='lat' dir='ltr'><em>Neoptolemo</em></span> <span class='ocrx_word' id='word_1_20' title='bbox 386 582 560 668; x_wconf 70' lang='lat' dir='ltr'><em>Interfecto</em></span> <span class='ocrx_word' id='word_1_21' title='bbox 578 588 611 650; x_wconf 87' lang='lat' dir='ltr'><em>et</em></span> <span class='ocrx_word' id='word_1_22' title='bbox 628 585 810 649; x_wconf 80' lang='lat' dir='ltr'><em>abductam.</em></span> <span class='ocrx_word' id='word_1_23' title='bbox 841 586 905 651; x_wconf 83' lang='lat' dir='ltr'><em>Fac</em></span> <span class='ocrx_word' id='word_1_24' title='bbox 921 585 1004 649; x_wconf 91' lang='lat' dir='ltr'><em>euim</em></span> <span class='ocrx_word' id='word_1_25' title='bbox 1020 583 1387 650; x_wconf 70' lang='lat' dir='ltr'><em>commeminisse</em></span> 
     </span>
     <span class='ocr_line' id='line_1_5' title="bbox 149 692 1387 776; baseline 0.002 -19"><span class='ocrx_word' id='word_1_26' title='bbox 149 692 290 758; x_wconf 89' lang='lat' dir='ltr'><em>initium:</em></span> <span class='ocrx_word' id='word_1_27' title='bbox 321 695 389 760; x_wconf 87' lang='lat' dir='ltr'><em>‘sed</em></span> <span class='ocrx_word' id='word_1_28' title='bbox 410 695 640 776; x_wconf 77' lang='lat' dir='ltr'><em>Neoptolemus</em></span> <span class='ocrx_word' id='word_1_29' title='bbox 662 696 795 761; x_wconf 86' lang='lat' dir='ltr'><em>Achillis</em></span> <span class='ocrx_word' id='word_1_30' title='bbox 823 700 855 761; x_wconf 90' lang='lat' dir='ltr'><em>et</em></span> <span class='ocrx_word' id='word_1_31' title='bbox 876 696 1062 761; x_wconf 82' lang='lat' dir='ltr'><em>Deidamiae</em></span> <span class='ocrx_word' id='word_1_32' title='bbox 1083 694 1169 760; x_wconf 89' lang='lat' dir='ltr'><em>filius</em></span> <span class='ocrx_word' id='word_1_33' title='bbox 1197 713 1236 760; x_wconf 93' lang='lat' dir='ltr'><em>ex</em></span> <span class='ocrx_word' id='word_1_34' title='bbox 1257 695 1387 760; x_wconf 73' lang='lat' dir='ltr'><em>Andre</em></span> 
     </span>
     <span class='ocr_line' id='line_1_6' title="bbox 150 804 1388 890; baseline 0.002 -22"><span class='ocrx_word' id='word_1_35' title='bbox 150 804 265 869; x_wconf 90' lang='lat' dir='ltr'><em>macha</em></span> <span class='ocrx_word' id='word_1_36' title='bbox 279 804 422 871; x_wconf 87' lang='lat' dir='ltr'><em>Eetionis</em></span> <span class='ocrx_word' id='word_1_37' title='bbox 444 806 511 871; x_wconf 87' lang='lat' dir='ltr'><em>lilia</em></span> <span class='ocrx_word' id='word_1_38' title='bbox 532 807 660 889; x_wconf 86' lang='lat' dir='ltr'><em>captiva</em></span> <span class='ocrx_word' id='word_1_39' title='bbox 681 811 848 890; x_wconf 90' lang='lat' dir='ltr'><em>procreato</em></span> <span class='ocrx_word' id='word_1_40' title='bbox 870 806 1036 889; x_wconf 82' lang='lat' dir='ltr'><em>Amphiale</em></span> <span class='ocrx_word' id='word_1_41' title='bbox 1057 811 1229 888; x_wconf 84' lang='lat' dir='ltr'><em>postquam</em></span> <span class='ocrx_word' id='word_1_42' title='bbox 1250 805 1388 887; x_wconf 75' lang='lat' dir='ltr'><em>auditit,</em></span> 
     </span>
     <span class='ocr_line' id='line_1_7' title="bbox 151 916 1387 1000; baseline 0.002 -20"><span class='ocrx_word' id='word_1_43' title='bbox 151 916 345 982; x_wconf 87' lang='lat' dir='ltr'><em>Hermionen</em></span> <span class='ocrx_word' id='word_1_44' title='bbox 368 921 401 981; x_wconf 89' lang='lat' dir='ltr'><em>et</em></span> <span class='ocrx_word' id='word_1_45' title='bbox 415 937 444 1000; x_wconf 91' lang='lat' dir='ltr'><em>q.</em></span> <span class='ocrx_word' id='word_1_46' title='bbox 461 917 505 998; x_wconf 85' lang='lat' dir='ltr'><em>s&#39;,</em></span> <span class='ocrx_word' id='word_1_47' title='bbox 525 917 694 1000; x_wconf 81' lang='lat' dir='ltr'><em>intelleges</em></span> <span class='ocrx_word' id='word_1_48' title='bbox 709 918 815 983; x_wconf 85' lang='lat' dir='ltr'><em>verbis</em></span> <span class='ocrx_word' id='word_1_49' title='bbox 836 917 901 983; x_wconf 91' lang='lat' dir='ltr'><em>illis</em></span> <span class='ocrx_word' id='word_1_50' title='bbox 917 917 1106 1000; x_wconf 78' lang='lat' dir='ltr'><em>proscriptis</em></span> <span class='ocrx_word' id='word_1_51' title='bbox 1121 917 1258 999; x_wconf 89' lang='lat' dir='ltr'><em>amplius</em></span> <span class='ocrx_word' id='word_1_52' title='bbox 1278 917 1387 982; x_wconf 90' lang='lat' dir='ltr'><em>locum</em></span> 
     </span>
     <span class='ocr_line' id='line_1_8' title="bbox 152 1028 1387 1111; baseline 0.002 -19"><span class='ocrx_word' id='word_1_53' title='bbox 152 1044 216 1092; x_wconf 90' lang='lat' dir='ltr'><em>non</em></span> <span class='ocrx_word' id='word_1_54' title='bbox 238 1045 318 1092; x_wconf 89' lang='lat' dir='ltr'><em>esse.</em></span> <span class='ocrx_word' id='word_1_55' title='bbox 347 1046 430 1109; x_wconf 91' lang='lat' dir='ltr'><em>quae</em></span> <span class='ocrx_word' id='word_1_56' title='bbox 454 1046 523 1093; x_wconf 92' lang='lat' dir='ltr'><em>cum</em></span> <span class='ocrx_word' id='word_1_57' title='bbox 542 1029 590 1093; x_wconf 87' lang='lat' dir='ltr'><em>ita</em></span> <span class='ocrx_word' id='word_1_58' title='bbox 606 1029 675 1094; x_wconf 93' lang='lat' dir='ltr'><em>sint</em></span> <span class='ocrx_word' id='word_1_59' title='bbox 690 1028 979 1111; x_wconf 83' lang='lat' dir='ltr'><em>exploratissimum</em></span> <span class='ocrx_word' id='word_1_60' title='bbox 994 1029 1072 1093; x_wconf 90' lang='lat' dir='ltr'><em>mihi</em></span> <span class='ocrx_word' id='word_1_61' title='bbox 1093 1033 1153 1110; x_wconf 88' lang='lat' dir='ltr'><em>est,</em></span> <span class='ocrx_word' id='word_1_62' title='bbox 1174 1047 1200 1094; x_wconf 83' lang='lat' dir='ltr'><em>e</em></span> <span class='ocrx_word' id='word_1_63' title='bbox 1216 1028 1387 1095; x_wconf 80' lang='lat' dir='ltr'>CXVII-</span> 
     </span>
     <span class='ocr_line' id='line_1_9' title="bbox 152 1138 1388 1224; baseline 0.001 -20"><span class='ocrx_word' id='word_1_64' title='bbox 152 1138 315 1204; x_wconf 87' lang='lat' dir='ltr'>GXXXHI</span> <span class='ocrx_word' id='word_1_65' title='bbox 335 1138 468 1205; x_wconf 90' lang='lat' dir='ltr'><em>formam</em></span> <span class='ocrx_word' id='word_1_66' title='bbox 497 1158 515 1205; x_wconf 91' lang='lat' dir='ltr'><em>e</em></span> <span class='ocrx_word' id='word_1_67' title='bbox 537 1139 645 1205; x_wconf 89' lang='lat' dir='ltr'><em>codice</em></span> <span class='ocrx_word' id='word_1_68' title='bbox 666 1140 864 1224; x_wconf 88' lang='lat' dir='ltr'><em>Frisiugensi</em></span> <span class='ocrx_word' id='word_1_69' title='bbox 889 1145 1100 1223; x_wconf 81' lang='lat' dir='ltr'><em>propagatam</em></span> <span class='ocrx_word' id='word_1_70' title='bbox 1122 1159 1187 1206; x_wconf 92' lang='lat' dir='ltr'><em>non</em></span> <span class='ocrx_word' id='word_1_71' title='bbox 1211 1140 1388 1206; x_wconf 80' lang='lat' dir='ltr'><em>admodum</em></span> 
     </span>
     <span class='ocr_line' id='line_1_10' title="bbox 152 1251 1388 1334; baseline 0.002 -20"><span class='ocrx_word' id='word_1_72' title='bbox 152 1269 224 1315; x_wconf 91' lang='lat' dir='ltr'><em>esse</em></span> <span class='ocrx_word' id='word_1_73' title='bbox 246 1251 425 1331; x_wconf 89' lang='lat' dir='ltr'><em>antiquam,</em></span> <span class='ocrx_word' id='word_1_74' title='bbox 455 1252 512 1316; x_wconf 92' lang='lat' dir='ltr'><em>sed</em></span> <span class='ocrx_word' id='word_1_75' title='bbox 536 1251 681 1317; x_wconf 84' lang='lat' dir='ltr'><em>extitisse</em></span> <span class='ocrx_word' id='word_1_76' title='bbox 704 1270 783 1318; x_wconf 88' lang='lat' dir='ltr'><em>aevo</em></span> <span class='ocrx_word' id='word_1_77' title='bbox 804 1251 952 1318; x_wconf 87' lang='lat' dir='ltr'><em>Dosithei</em></span> <span class='ocrx_word' id='word_1_78' title='bbox 972 1251 1170 1334; x_wconf 83' lang='lat' dir='ltr'><em>temporibus</em></span> <span class='ocrx_word' id='word_1_79' title='bbox 1196 1270 1260 1317; x_wconf 92' lang='lat' dir='ltr'><em>non</em></span> <span class='ocrx_word' id='word_1_80' title='bbox 1282 1252 1388 1317; x_wconf 88' lang='lat' dir='ltr'><em>multo</em></span> 
     </span>
     <span class='ocr_line' id='line_1_11' title="bbox 152 1362 1389 1445; baseline 0.002 -19"><span class='ocrx_word' id='word_1_81' title='bbox 152 1362 331 1443; x_wconf 86' lang='lat' dir='ltr'><em>antiquiore</em></span> <span class='ocrx_word' id='word_1_82' title='bbox 352 1363 453 1427; x_wconf 90' lang='lat' dir='ltr'><em>virum</em></span> <span class='ocrx_word' id='word_1_83' title='bbox 476 1364 604 1428; x_wconf 91' lang='lat' dir='ltr'><em>doctum</em></span> <span class='ocrx_word' id='word_1_84' title='bbox 626 1362 773 1445; x_wconf 78' lang='lat' dir='ltr'><em>aliquem,</em></span> <span class='ocrx_word' id='word_1_85' title='bbox 795 1363 849 1445; x_wconf 93' lang='lat' dir='ltr'><em>qui</em></span> <span class='ocrx_word' id='word_1_86' title='bbox 865 1362 985 1445; x_wconf 81' lang='lat' dir='ltr'><em>Hygini</em></span> <span class='ocrx_word' id='word_1_87' title='bbox 1006 1362 1221 1428; x_wconf 84' lang='lat' dir='ltr'><em>narrationem</em></span> <span class='ocrx_word' id='word_1_88' title='bbox 1242 1362 1389 1445; x_wconf 89' lang='lat' dir='ltr'><em>locuple-</em></span> 
     </span>
     <span class='ocr_line' id='line_1_12' title="bbox 151 1473 1387 1573; baseline 0.002 -35"><span class='ocrx_word' id='word_1_89' title='bbox 151 1473 264 1539; x_wconf 91' lang='lat' dir='ltr'><em>tiorem</em></span> <span class='ocrx_word' id='word_1_90' title='bbox 288 1492 421 1573; x_wconf 75' lang='lat' dir='ltr'><em>eamque</em></span> <span class='ocrx_word' id='word_1_91' title='bbox 443 1475 655 1541; x_wconf 91' lang='lat' dir='ltr'><em>continentem</em></span> <span class='ocrx_word' id='word_1_92' title='bbox 687 1479 720 1541; x_wconf 92' lang='lat' dir='ltr'><em>et</em></span> <span class='ocrx_word' id='word_1_93' title='bbox 739 1475 945 1540; x_wconf 89' lang='lat' dir='ltr'><em>indiscretam</em></span> <span class='ocrx_word' id='word_1_94' title='bbox 974 1493 1038 1539; x_wconf 93' lang='lat' dir='ltr'><em>non</em></span> <span class='ocrx_word' id='word_1_95' title='bbox 1068 1473 1171 1539; x_wconf 88' lang='lat' dir='ltr'><em>solum</em></span> <span class='ocrx_word' id='word_1_96' title='bbox 1197 1473 1231 1538; x_wconf 92' lang='lat' dir='ltr'><em>in</em></span> <span class='ocrx_word' id='word_1_97' title='bbox 1255 1473 1387 1540; x_wconf 84' lang='lat' dir='ltr'><em>brevius</em></span> 
     </span>
     <span class='ocr_line' id='line_1_13' title="bbox 153 1584 1388 1669; baseline 0.002 -20"><span class='ocrx_word' id='word_1_98' title='bbox 153 1589 295 1668; x_wconf 88' lang='lat' dir='ltr'><em>cogeret,</em></span> <span class='ocrx_word' id='word_1_99' title='bbox 318 1585 494 1651; x_wconf 88' lang='lat' dir='ltr'><em>sedetiam</em></span> <span class='ocrx_word' id='word_1_100' title='bbox 522 1606 581 1669; x_wconf 91' lang='lat' dir='ltr'><em>per</em></span> <span class='ocrx_word' id='word_1_101' title='bbox 601 1586 744 1652; x_wconf 90' lang='lat' dir='ltr'><em>membra</em></span> <span class='ocrx_word' id='word_1_102' title='bbox 765 1590 948 1668; x_wconf 88' lang='lat' dir='ltr'><em>separatam</em></span> <span class='ocrx_word' id='word_1_103' title='bbox 969 1585 1084 1650; x_wconf 87' lang='lat' dir='ltr'><em>misere</em></span> <span class='ocrx_word' id='word_1_104' title='bbox 1106 1584 1296 1651; x_wconf 90' lang='lat' dir='ltr'><em>concideret.</em></span> <span class='ocrx_word' id='word_1_105' title='bbox 1322 1604 1388 1667; x_wconf 92' lang='lat' dir='ltr'><em>quo</em></span> 
     </span>
     <span class='ocr_line' id='line_1_14' title="bbox 152 1695 1390 1779; baseline 0.001 -18"><span class='ocrx_word' id='word_1_106' title='bbox 152 1697 185 1761; x_wconf 90' lang='lat' dir='ltr'><em>in</em></span> <span class='ocrx_word' id='word_1_107' title='bbox 208 1697 337 1778; x_wconf 89' lang='lat' dir='ltr'><em>negotio</em></span> <span class='ocrx_word' id='word_1_108' title='bbox 355 1716 426 1762; x_wconf 93' lang='lat' dir='ltr'><em>cum</em></span> <span class='ocrx_word' id='word_1_109' title='bbox 444 1698 556 1763; x_wconf 88' lang='lat' dir='ltr'><em>scdulo</em></span> <span class='ocrx_word' id='word_1_110' title='bbox 578 1701 714 1778; x_wconf 87' lang='lat' dir='ltr'><em>caveret,</em></span> <span class='ocrx_word' id='word_1_111' title='bbox 735 1717 775 1763; x_wconf 90' lang='lat' dir='ltr'><em>ue</em></span> <span class='ocrx_word' id='word_1_112' title='bbox 796 1697 993 1779; x_wconf 80' lang='lat' dir='ltr'><em>singulorum</em></span> <span class='ocrx_word' id='word_1_113' title='bbox 1007 1695 1218 1762; x_wconf 90' lang='lat' dir='ltr'><em>membrorum</em></span> <span class='ocrx_word' id='word_1_114' title='bbox 1236 1714 1390 1762; x_wconf 88' lang='lat' dir='ltr'><em>mensura</em></span> 
     </span>
     <span class='ocr_line' id='line_1_15' title="bbox 154 1807 1388 1891; baseline 0.001 -18"><span class='ocrx_word' id='word_1_115' title='bbox 154 1813 411 1890; x_wconf 89' lang='lat' dir='ltr'><em>argumentorum</em></span> <span class='ocrx_word' id='word_1_116' title='bbox 434 1809 628 1891; x_wconf 82' lang='lat' dir='ltr'><em>tragicorum</em></span> <span class='ocrx_word' id='word_1_117' title='bbox 648 1808 744 1874; x_wconf 89' lang='lat' dir='ltr'><em>finem</em></span> <span class='ocrx_word' id='word_1_118' title='bbox 768 1808 959 1890; x_wconf 91' lang='lat' dir='ltr'><em>modumque</em></span> <span class='ocrx_word' id='word_1_119' title='bbox 988 1807 1154 1888; x_wconf 85' lang='lat' dir='ltr'><em>transiret,</em></span> <span class='ocrx_word' id='word_1_120' title='bbox 1183 1811 1280 1889; x_wconf 88' lang='lat' dir='ltr'><em>atque</em></span> <span class='ocrx_word' id='word_1_121' title='bbox 1303 1807 1388 1874; x_wconf 88' lang='lat' dir='ltr'><em>aden</em></span> 
     </span>
     <span class='ocr_line' id='line_1_16' title="bbox 154 1918 1390 2002; baseline -0.001 -17"><span class='ocrx_word' id='word_1_122' title='bbox 154 1919 296 2002; x_wconf 89' lang='lat' dir='ltr'><em>singulas</em></span> <span class='ocrx_word' id='word_1_123' title='bbox 324 1919 450 1985; x_wconf 84' lang='lat' dir='ltr'><em>fabulas</em></span> <span class='ocrx_word' id='word_1_124' title='bbox 472 1920 651 1986; x_wconf 91' lang='lat' dir='ltr'><em>nominibus</em></span> <span class='ocrx_word' id='word_1_125' title='bbox 681 1939 699 1985; x_wconf 92' lang='lat' dir='ltr'><em>e</em></span> <span class='ocrx_word' id='word_1_126' title='bbox 720 1919 889 2001; x_wconf 89' lang='lat' dir='ltr'><em>tragoedia</em></span> <span class='ocrx_word' id='word_1_127' title='bbox 912 1919 1023 2001; x_wconf 89' lang='lat' dir='ltr'><em>petitis</em></span> <span class='ocrx_word' id='word_1_128' title='bbox 1048 1918 1250 1998; x_wconf 83' lang='lat' dir='ltr'><em>inscriberet,</em></span> <span class='ocrx_word' id='word_1_129' title='bbox 1279 1919 1390 1985; x_wconf 84' lang='lat' dir='ltr'><em>evenit</em></span> 
     </span>
     <span class='ocr_line' id='line_1_17' title="bbox 92 2028 1390 2114; baseline 0.001 -18"><span class='ocrx_word' id='word_1_130' title='bbox 92 2103 95 2108; x_wconf 56' lang='grc'><em>,</em></span> <span class='ocrx_word' id='word_1_131' title='bbox 153 2035 190 2096; x_wconf 91' lang='lat' dir='ltr'><em>ut</em></span> <span class='ocrx_word' id='word_1_132' title='bbox 212 2031 329 2096; x_wconf 89' lang='lat' dir='ltr'><em>erroris</em></span> <span class='ocrx_word' id='word_1_133' title='bbox 352 2031 522 2096; x_wconf 88' lang='lat' dir='ltr'><em>admodum</em></span> <span class='ocrx_word' id='word_1_134' title='bbox 544 2030 670 2096; x_wconf 88' lang='lat' dir='ltr'><em>ridiculi</em></span> <span class='ocrx_word' id='word_1_135' title='bbox 692 2048 809 2113; x_wconf 88' lang='lat' dir='ltr'><em>parens</em></span> <span class='ocrx_word' id='word_1_136' title='bbox 829 2028 967 2109; x_wconf 86' lang='lat' dir='ltr'><em>ficret*).</em></span> <span class='ocrx_word' id='word_1_137' title='bbox 989 2049 1104 2112; x_wconf 89' lang='lat' dir='ltr'><em>nempe</em></span> <span class='ocrx_word' id='word_1_138' title='bbox 1125 2029 1261 2111; x_wconf 88' lang='lat' dir='ltr'><em>fuerunt,</em></span> <span class='ocrx_word' id='word_1_139' title='bbox 1282 2049 1390 2114; x_wconf 89' lang='lat' dir='ltr'><em>neque</em></span> 
     </span>
     <span class='ocr_line' id='line_1_18' title="bbox 154 2141 1389 2225; baseline 0 -18"><span class='ocrx_word' id='word_1_140' title='bbox 154 2141 336 2208; x_wconf 90' lang='lat' dir='ltr'><em>etiamnunc</em></span> <span class='ocrx_word' id='word_1_141' title='bbox 360 2143 491 2223; x_wconf 89' lang='lat' dir='ltr'><em>desunt,</em></span> <span class='ocrx_word' id='word_1_142' title='bbox 521 2142 574 2225; x_wconf 92' lang='lat' dir='ltr'><em>qui</em></span> <span class='ocrx_word' id='word_1_143' title='bbox 601 2142 720 2225; x_wconf 89' lang='lat' dir='ltr'><em>Hygini</em></span> <span class='ocrx_word' id='word_1_144' title='bbox 750 2141 895 2225; x_wconf 92' lang='lat' dir='ltr'><em>opusculi</em></span> <span class='ocrx_word' id='word_1_145' title='bbox 924 2145 1049 2223; x_wconf 89' lang='lat' dir='ltr'><em>partem</em></span> <span class='ocrx_word' id='word_1_146' title='bbox 1075 2142 1161 2206; x_wconf 93' lang='lat' dir='ltr'><em>haud</em></span> <span class='ocrx_word' id='word_1_147' title='bbox 1192 2141 1339 2224; x_wconf 85' lang='lat' dir='ltr'><em>exiguam</em></span> <span class='ocrx_word' id='word_1_148' title='bbox 1370 2160 1389 2207; x_wconf 92' lang='lat' dir='ltr'><em>e</em></span> 
     </span>
     <span class='ocr_line' id='line_1_19' title="bbox 153 2251 1389 2336; baseline 0 -18"><span class='ocrx_word' id='word_1_149' title='bbox 153 2254 349 2335; x_wconf 86' lang='lat' dir='ltr'><em>tragicamm</em></span> <span class='ocrx_word' id='word_1_150' title='bbox 370 2252 549 2319; x_wconf 86' lang='lat' dir='ltr'><em>fabularum</em></span> <span class='ocrx_word' id='word_1_151' title='bbox 571 2252 769 2336; x_wconf 88' lang='lat' dir='ltr'><em>argumentis</em></span> <span class='ocrx_word' id='word_1_152' title='bbox 792 2271 865 2318; x_wconf 89' lang='lat' dir='ltr'><em>esse</em></span> <span class='ocrx_word' id='word_1_153' title='bbox 886 2251 1055 2317; x_wconf 86' lang='lat' dir='ltr'><em>conflatam</em></span> <span class='ocrx_word' id='word_1_154' title='bbox 1074 2252 1200 2318; x_wconf 89' lang='lat' dir='ltr'><em>ariolati</em></span> <span class='ocrx_word' id='word_1_155' title='bbox 1221 2252 1296 2332; x_wconf 90' lang='lat' dir='ltr'><em>sint,</em></span> <span class='ocrx_word' id='word_1_156' title='bbox 1317 2252 1389 2336; x_wconf 87' lang='lat' dir='ltr'><em>opi-</em></span> 
     </span>
     <span class='ocr_line' id='line_1_20' title="bbox 154 2364 1389 2447; baseline -0.005 -12"><span class='ocrx_word' id='word_1_157' title='bbox 154 2365 241 2436; x_wconf 83' lang='lat' dir='ltr'><em>niani</em></span> <span class='ocrx_word' id='word_1_158' title='bbox 263 2384 341 2431; x_wconf 90' lang='lat' dir='ltr'><em>suae</em></span> <span class='ocrx_word' id='word_1_159' title='bbox 363 2365 467 2447; x_wconf 89' lang='lat' dir='ltr'><em>ipsum</em></span> <span class='ocrx_word' id='word_1_160' title='bbox 489 2365 597 2431; x_wconf 86' lang='lat' dir='ltr'><em>favere</em></span> <span class='ocrx_word' id='word_1_161' title='bbox 613 2365 774 2447; x_wconf 91' lang='lat' dir='ltr'><em>Hyginum</em></span> <span class='ocrx_word' id='word_1_162' title='bbox 797 2364 951 2444; x_wconf 89' lang='lat' dir='ltr'><em>arbitrati,</em></span> <span class='ocrx_word' id='word_1_163' title='bbox 972 2382 998 2428; x_wconf 91' lang='lat' dir='ltr'><em>c.</em></span> <span class='ocrx_word' id='word_1_164' title='bbox 1012 2365 1075 2429; x_wconf 90' lang='lat' dir='ltr'>IIII</span> <span class='ocrx_word' id='word_1_165' title='bbox 1101 2368 1134 2429; x_wconf 90' lang='lat' dir='ltr'><em>et</em></span> <span class='ocrx_word' id='word_1_166' title='bbox 1154 2364 1232 2429; x_wconf 91' lang='lat' dir='ltr'>VIII</span> <span class='ocrx_word' id='word_1_167' title='bbox 1253 2365 1296 2429; x_wconf 88' lang='lat' dir='ltr'><em>ad</em></span> <span class='ocrx_word' id='word_1_168' title='bbox 1313 2365 1389 2429; x_wconf 91' lang='lat' dir='ltr'><em>Ino·</em></span> 
     </span>
     <span class='ocr_line' id='line_1_21' title="bbox 156 2475 1389 2560; baseline -0.001 -17"><span class='ocrx_word' id='word_1_169' title='bbox 156 2497 229 2543; x_wconf 89' lang='lat' dir='ltr'><em>uem</em></span> <span class='ocrx_word' id='word_1_170' title='bbox 247 2477 480 2560; x_wconf 86' lang='lat' dir='ltr'><em>Antiopamque</em></span> <span class='ocrx_word' id='word_1_171' title='bbox 498 2477 689 2560; x_wconf 87' lang='lat' dir='ltr'><em>Euripideas</em></span> <span class='ocrx_word' id='word_1_172' title='bbox 710 2480 945 2559; x_wconf 82' lang='lat' dir='ltr'><em>provocantem.</em></span> <span class='ocrx_word' id='word_1_173' title='bbox 968 2493 1031 2557; x_wconf 88' lang='lat' dir='ltr'><em>qua</em></span> <span class='ocrx_word' id='word_1_174' title='bbox 1043 2475 1076 2540; x_wconf 94' lang='lat' dir='ltr'><em>iu</em></span> <span class='ocrx_word' id='word_1_175' title='bbox 1097 2494 1133 2541; x_wconf 91' lang='lat' dir='ltr'><em>re</em></span> <span class='ocrx_word' id='word_1_176' title='bbox 1147 2475 1264 2550; x_wconf 86' lang='lat' dir='ltr'><em>accidit</em></span> <span class='ocrx_word' id='word_1_177' title='bbox 1278 2475 1329 2556; x_wconf 90' lang='lat' dir='ltr'><em>iis,</em></span> <span class='ocrx_word' id='word_1_178' title='bbox 1350 2480 1389 2542; x_wconf 91' lang='lat' dir='ltr'><em>ut</em></span> 
     </span>
     <span class='ocr_line' id='line_1_22' title="bbox 154 2585 1390 2670; baseline -0.001 -16"><span class='ocrx_word' id='word_1_179' title='bbox 154 2594 256 2654; x_wconf 88' lang='lat' dir='ltr'><em>testes</em></span> <span class='ocrx_word' id='word_1_180' title='bbox 279 2588 533 2654; x_wconf 74' lang='lat' dir='ltr'><em>adhiberent&#39;ad</em></span> <span class='ocrx_word' id='word_1_181' title='bbox 553 2590 614 2654; x_wconf 91' lang='lat' dir='ltr'><em>hoc</em></span> <span class='ocrx_word' id='word_1_182' title='bbox 634 2589 741 2670; x_wconf 89' lang='lat' dir='ltr'><em>ipsum</em></span> <span class='ocrx_word' id='word_1_183' title='bbox 763 2588 848 2670; x_wconf 92' lang='lat' dir='ltr'><em>quod</em></span> <span class='ocrx_word' id='word_1_184' title='bbox 870 2588 1006 2669; x_wconf 89' lang='lat' dir='ltr'><em>probare</em></span> <span class='ocrx_word' id='word_1_185' title='bbox 1028 2585 1156 2668; x_wconf 84' lang='lat' dir='ltr'><em>vellent,</em></span> <span class='ocrx_word' id='word_1_186' title='bbox 1177 2586 1390 2653; x_wconf 83' lang='lat' dir='ltr'><em>refellendum</em></span> 
     </span>
     <span class='ocr_line' id='line_1_23' title="bbox 156 2698 1389 2781; baseline -0.001 -16"><span class='ocrx_word' id='word_1_187' title='bbox 156 2699 514 2781; x_wconf 84' lang='lat' dir='ltr'><em>accommodatissimus,</em></span> <span class='ocrx_word' id='word_1_188' title='bbox 545 2719 616 2765; x_wconf 93' lang='lat' dir='ltr'><em>cum</em></span> <span class='ocrx_word' id='word_1_189' title='bbox 643 2718 708 2764; x_wconf 91' lang='lat' dir='ltr'><em>neu</em></span> <span class='ocrx_word' id='word_1_190' title='bbox 731 2698 977 2779; x_wconf 85' lang='lat' dir='ltr'><em>intellexissent,</em></span> <span class='ocrx_word' id='word_1_191' title='bbox 1003 2702 1172 2780; x_wconf 89' lang='lat' dir='ltr'><em>utrumque</em></span> <span class='ocrx_word' id='word_1_192' title='bbox 1194 2703 1306 2780; x_wconf 88' lang='lat' dir='ltr'><em>caput,</em></span> <span class='ocrx_word' id='word_1_193' title='bbox 1336 2699 1389 2765; x_wconf 87' lang='lat' dir='ltr'><em>vel</em></span> 
     </span>
     <span class='ocr_line' id='line_1_24' title="bbox 154 2794 1390 2894; baseline -0.001 -18"><span class='ocrx_word' id='word_1_194' title='bbox 154 2815 287 2894; x_wconf 89' lang='lat' dir='ltr'><em>propter</em></span> <span class='ocrx_word' id='word_1_195' title='bbox 309 2811 375 2875; x_wconf 91' lang='lat' dir='ltr'><em>stili</em></span> <span class='ocrx_word' id='word_1_196' title='bbox 398 2811 606 2876; x_wconf 86' lang='lat' dir='ltr'><em>differentiam</em></span> <span class='ocrx_word' id='word_1_197' title='bbox 622 2811 750 2893; x_wconf 90' lang='lat' dir='ltr'><em>Hygino</em></span> <span class='ocrx_word' id='word_1_198' title='bbox 768 2794 943 2876; x_wconf 83' lang='lat' dir='ltr'><em>abiudIcari</em></span> <span class='ocrx_word' id='word_1_199' title='bbox 957 2809 1240 2892; x_wconf 88' lang='lat' dir='ltr'><em>interpolatorique</em></span> <span class='ocrx_word' id='word_1_200' title='bbox 1254 2809 1390 2877; x_wconf 89' lang='lat' dir='ltr'><em>attribui</em></span> 
     </span>
     <span class='ocr_line' id='line_1_25' title="bbox 156 2920 1389 3003; baseline 0.001 -16"><span class='ocrx_word' id='word_1_201' title='bbox 156 2923 281 2988; x_wconf 89' lang='lat' dir='ltr'><em>debere.</em></span> <span class='ocrx_word' id='word_1_202' title='bbox 304 2925 339 2986; x_wconf 90' lang='lat' dir='ltr'><em>at</em></span> <span class='ocrx_word' id='word_1_203' title='bbox 359 2939 422 2985; x_wconf 93' lang='lat' dir='ltr'><em>non</em></span> <span class='ocrx_word' id='word_1_204' title='bbox 446 2926 538 2986; x_wconf 85' lang='lat' dir='ltr'><em>vacat</em></span> <span class='ocrx_word' id='word_1_205' title='bbox 559 2921 619 2986; x_wconf 90' lang='lat' dir='ltr'><em>hoc</em></span> <span class='ocrx_word' id='word_1_206' title='bbox 640 2920 766 3002; x_wconf 89' lang='lat' dir='ltr'><em>longius</em></span> <span class='ocrx_word' id='word_1_207' title='bbox 788 2920 948 3003; x_wconf 89' lang='lat' dir='ltr'><em>prosequi.</em></span> <span class='ocrx_word' id='word_1_208' title='bbox 971 2923 1074 2985; x_wconf 87' lang='lat' dir='ltr'><em>restat</em></span> <span class='ocrx_word' id='word_1_209' title='bbox 1095 2920 1178 2985; x_wconf 91' lang='lat' dir='ltr'><em>enim</em></span> <span class='ocrx_word' id='word_1_210' title='bbox 1200 2921 1291 2987; x_wconf 91' lang='lat' dir='ltr'><em>utin</em></span> <span class='ocrx_word' id='word_1_211' title='bbox 1313 2923 1389 2988; x_wconf 91' lang='lat' dir='ltr'><em>reli·</em></span> 
     </span>
     <span class='ocr_line' id='line_1_26' title="bbox 156 3031 1390 3116; baseline 0.001 -17"><span class='ocrx_word' id='word_1_212' title='bbox 156 3051 236 3116; x_wconf 88' lang='lat' dir='ltr'><em>quas</em></span> <span class='ocrx_word' id='word_1_213' title='bbox 245 3031 467 3113; x_wconf 89' lang='lat' dir='ltr'><em>Pelopidarum</em></span> <span class='ocrx_word' id='word_1_214' title='bbox 479 3032 605 3098; x_wconf 83' lang='lat' dir='ltr'><em>fabulas</em></span> <span class='ocrx_word' id='word_1_215' title='bbox 616 3031 820 3113; x_wconf 81' lang='lat' dir='ltr'><em>Inquiramus.</em></span> <span class='ocrx_word' id='word_1_216' title='bbox 837 3033 1024 3098; x_wconf 88' lang='lat' dir='ltr'><em>accedamus</em></span> <span class='ocrx_word' id='word_1_217' title='bbox 1036 3032 1135 3114; x_wconf 91' lang='lat' dir='ltr'><em>igitur</em></span> <span class='ocrx_word' id='word_1_218' title='bbox 1148 3033 1189 3098; x_wconf 88' lang='lat' dir='ltr'><em>ad</em></span> <span class='ocrx_word' id='word_1_219' title='bbox 1202 3049 1227 3098; x_wconf 90' lang='lat' dir='ltr'><em>c.</em></span> <span class='ocrx_word' id='word_1_220' title='bbox 1237 3034 1390 3100; x_wconf 88' lang='lat' dir='ltr'>LXXXII</span> 
     </span>
     <span class='ocr_line' id='line_1_27' title="bbox 156 3142 1390 3228; baseline 0 -17"><span class='ocrx_word' id='word_1_221' title='bbox 156 3144 336 3228; x_wconf 86' lang='lat' dir='ltr'><em>(Tantalus)</em></span> <span class='ocrx_word' id='word_1_222' title='bbox 358 3145 443 3227; x_wconf 93' lang='lat' dir='ltr'><em>quod</em></span> <span class='ocrx_word' id='word_1_223' title='bbox 465 3144 570 3226; x_wconf 89' lang='lat' dir='ltr'><em>ipsum</em></span> <span class='ocrx_word' id='word_1_224' title='bbox 587 3142 714 3225; x_wconf 89' lang='lat' dir='ltr'><em>egregie</em></span> <span class='ocrx_word' id='word_1_225' title='bbox 732 3143 910 3210; x_wconf 89' lang='lat' dir='ltr'><em>sententiae</em></span> <span class='ocrx_word' id='word_1_226' title='bbox 924 3149 1054 3209; x_wconf 91' lang='lat' dir='ltr'><em>nostrae</em></span> <span class='ocrx_word' id='word_1_227' title='bbox 1074 3143 1169 3209; x_wconf 88' lang='lat' dir='ltr'><em>favet.</em></span> <span class='ocrx_word' id='word_1_228' title='bbox 1190 3144 1285 3210; x_wconf 89' lang='lat' dir='ltr'><em>huius</em></span> <span class='ocrx_word' id='word_1_229' title='bbox 1303 3145 1390 3211; x_wconf 90' lang='lat' dir='ltr'><em>enim</em></span> 
     </span>
     <span class='ocr_line' id='line_1_28' title="bbox 155 3253 1390 3339; baseline -0.002 -16"><span class='ocrx_word' id='word_1_230' title='bbox 155 3257 361 3339; x_wconf 88' lang='lat' dir='ltr'><em>inscriptione</em></span> <span class='ocrx_word' id='word_1_231' title='bbox 376 3255 452 3337; x_wconf 91' lang='lat' dir='ltr'><em>quid</em></span> <span class='ocrx_word' id='word_1_232' title='bbox 467 3253 673 3337; x_wconf 80' lang='lat' dir='ltr'><em>perversius?</em></span> <span class='ocrx_word' id='word_1_233' title='bbox 693 3255 769 3337; x_wconf 92' lang='lat' dir='ltr'><em>quid</em></span> <span class='ocrx_word' id='word_1_234' title='bbox 785 3255 826 3321; x_wconf 91' lang='lat' dir='ltr'><em>ab</em></span> <span class='ocrx_word' id='word_1_235' title='bbox 840 3256 980 3321; x_wconf 89' lang='lat' dir='ltr'><em>auctoris</em></span> <span class='ocrx_word' id='word_1_236' title='bbox 996 3254 1128 3320; x_wconf 92' lang='lat' dir='ltr'><em>consilio</em></span> <span class='ocrx_word' id='word_1_237' title='bbox 1142 3253 1270 3336; x_wconf 83' lang='lat' dir='ltr'><em>longina</em></span> <span class='ocrx_word' id='word_1_238' title='bbox 1286 3275 1390 3322; x_wconf 93' lang='lat' dir='ltr'><em>remo-</em></span> 
     </span>
     <span class='ocr_line' id='line_1_29' title="bbox 155 3363 1389 3450; baseline 0.002 -16"><span class='ocrx_word' id='word_1_239' title='bbox 155 3371 247 3434; x_wconf 81' lang='lat' dir='ltr'><em>tum?</em></span> <span class='ocrx_word' id='word_1_240' title='bbox 268 3386 361 3450; x_wconf 91' lang='lat' dir='ltr'><em>quem</em></span> <span class='ocrx_word' id='word_1_241' title='bbox 375 3367 426 3431; x_wconf 85' lang='lat' dir='ltr'><em>vel</em></span> <span class='ocrx_word' id='word_1_242' title='bbox 442 3366 546 3449; x_wconf 88' lang='lat' dir='ltr'><em>prima</em></span> <span class='ocrx_word' id='word_1_243' title='bbox 561 3363 689 3432; x_wconf 86' lang='lat' dir='ltr'><em>fabulae</em></span> <span class='ocrx_word' id='word_1_244' title='bbox 705 3366 803 3432; x_wconf 88' lang='lat' dir='ltr'><em>verba</em></span> <span class='ocrx_word' id='word_1_245' title='bbox 819 3368 991 3432; x_wconf 90' lang='lat' dir='ltr'><em>ostendant</em></span> <span class='ocrx_word' id='word_1_246' title='bbox 1006 3366 1134 3449; x_wconf 91' lang='lat' dir='ltr'><em>Pelopis</em></span> <span class='ocrx_word' id='word_1_247' title='bbox 1152 3367 1269 3449; x_wconf 88' lang='lat' dir='ltr'><em>potius,</em></span> <span class='ocrx_word' id='word_1_248' title='bbox 1291 3387 1389 3450; x_wconf 89' lang='lat' dir='ltr'><em>quam</em></span> 
     </span>
     <span class='ocr_line' id='line_1_30' title="bbox 157 3477 1389 3562; baseline 0 -16"><span class='ocrx_word' id='word_1_249' title='bbox 157 3478 284 3546; x_wconf 84' lang='lat' dir='ltr'><em>Tantali</em></span> <span class='ocrx_word' id='word_1_250' title='bbox 303 3478 443 3544; x_wconf 87' lang='lat' dir='ltr'><em>fabulam</em></span> <span class='ocrx_word' id='word_1_251' title='bbox 466 3496 597 3543; x_wconf 90' lang='lat' dir='ltr'><em>narrare</em></span> <span class='ocrx_word' id='word_1_252' title='bbox 610 3477 760 3544; x_wconf 87' lang='lat' dir='ltr'><em>voluisse.</em></span> <span class='ocrx_word' id='word_1_253' title='bbox 802 3478 851 3543; x_wconf 85' lang='lat' dir='ltr'><em>Tu</em></span> <span class='ocrx_word' id='word_1_254' title='bbox 873 3477 938 3543; x_wconf 93' lang='lat' dir='ltr'><em>noli</em></span> <span class='ocrx_word' id='word_1_255' title='bbox 954 3477 1109 3559; x_wconf 92' lang='lat' dir='ltr'><em>dubitare,</em></span> <span class='ocrx_word' id='word_1_256' title='bbox 1131 3477 1207 3560; x_wconf 89' lang='lat' dir='ltr'><em>quin</em></span> <span class='ocrx_word' id='word_1_257' title='bbox 1221 3479 1389 3562; x_wconf 89' lang='lat' dir='ltr'><em>inscriptio</em></span> 
     </span>
     <span class='ocr_line' id='line_1_31' title="bbox 157 3589 1389 3675; baseline -0.001 -17"><span class='ocrx_word' id='word_1_258' title='bbox 157 3612 220 3658; x_wconf 93' lang='lat' dir='ltr'><em>non</em></span> <span class='ocrx_word' id='word_1_259' title='bbox 243 3590 325 3656; x_wconf 89' lang='lat' dir='ltr'><em>alius</em></span> <span class='ocrx_word' id='word_1_260' title='bbox 348 3590 390 3655; x_wconf 91' lang='lat' dir='ltr'><em>sit</em></span> <span class='ocrx_word' id='word_1_261' title='bbox 412 3589 544 3671; x_wconf 80' lang='lat' dir='ltr'><em>ortginis</em></span> <span class='ocrx_word' id='word_1_262' title='bbox 566 3608 661 3671; x_wconf 89' lang='lat' dir='ltr'><em>quam</em></span> <span class='ocrx_word' id='word_1_263' title='bbox 682 3590 805 3673; x_wconf 90' lang='lat' dir='ltr'><em>reliqua</em></span> <span class='ocrx_word' id='word_1_264' title='bbox 826 3590 923 3655; x_wconf 89' lang='lat' dir='ltr'><em>verba</em></span> <span class='ocrx_word' id='word_1_265' title='bbox 944 3589 1074 3672; x_wconf 84' lang='lat' dir='ltr'><em>‘Iupiter</em></span> <span class='ocrx_word' id='word_1_266' title='bbox 1096 3639 1103 3654; x_wconf 92' lang='lat'><strong>.</strong></span> <span class='ocrx_word' id='word_1_267' title='bbox 1127 3639 1134 3654; x_wconf 93' lang='lat'><strong><em>.</em></strong></span> <span class='ocrx_word' id='word_1_268' title='bbox 1156 3640 1163 3654; x_wconf 91' lang='lat'><strong>.</strong></span> <span class='ocrx_word' id='word_1_269' title='bbox 1186 3589 1277 3656; x_wconf 81' lang='lat' dir='ltr'><em>ruat&#39;.</em></span> <span class='ocrx_word' id='word_1_270' title='bbox 1321 3592 1389 3675; x_wconf 90' lang='lat' dir='ltr'><em>Hy·</em></span> 
     </span>
    </p>
   </div>
   <div class='ocr_carea' id='block_1_3' title="bbox 156 3821 1391 4454">
    <p class='ocr_par' dir='ltr' id='par_1_3' title="bbox 156 3821 1391 4454">
     <span class='ocr_line' id='line_1_32' title="bbox 224 3821 1390 3888; baseline 0.003 -18"><span class='ocrx_word' id='word_1_271' title='bbox 224 3822 249 3888; x_wconf 63' lang='lat'><em>⁴)</em></span> <span class='ocrx_word' id='word_1_272' title='bbox 267 3823 315 3871; x_wconf 85' lang='lat' dir='ltr'><em>nisi</em></span> <span class='ocrx_word' id='word_1_273' title='bbox 334 3821 401 3870; x_wconf 83' lang='lat' dir='ltr'><em>casui</em></span> <span class='ocrx_word' id='word_1_274' title='bbox 418 3821 575 3870; x_wconf 85' lang='lat' dir='ltr'><em>tribuendum</em></span> <span class='ocrx_word' id='word_1_275' title='bbox 593 3824 658 3884; x_wconf 87' lang='lat' dir='ltr'><em>quod</em></span> <span class='ocrx_word' id='word_1_276' title='bbox 672 3824 867 3886; x_wconf 79' lang='lat' dir='ltr'><em>clytemnestras</em></span> <span class='ocrx_word' id='word_1_277' title='bbox 879 3821 976 3873; x_wconf 82' lang='lat' dir='ltr'><em>OrestIs</em></span> <span class='ocrx_word' id='word_1_278' title='bbox 987 3821 1131 3883; x_wconf 86' lang='lat' dir='ltr'><em>Iphigeniae</em></span> <span class='ocrx_word' id='word_1_279' title='bbox 1145 3821 1265 3872; x_wconf 81' lang='lat' dir='ltr'><em>Tauricae</em></span> <span class='ocrx_word' id='word_1_280' title='bbox 1277 3823 1390 3886; x_wconf 75' lang='lat' dir='ltr'><em>Chrysae</em></span> 
     </span>
     <span class='ocr_line' id='line_1_33' title="bbox 156 3917 1389 3978; baseline -0.002 -10"><span class='ocrx_word' id='word_1_281' title='bbox 156 3921 244 3968; x_wconf 81' lang='lat' dir='ltr'><em>Alutae</em></span> <span class='ocrx_word' id='word_1_282' title='bbox 260 3917 362 3966; x_wconf 87' lang='lat' dir='ltr'><em>nomina</em></span> <span class='ocrx_word' id='word_1_283' title='bbox 378 3917 560 3977; x_wconf 85' lang='lat' dir='ltr'><em>tragoediarum</em></span> <span class='ocrx_word' id='word_1_284' title='bbox 578 3920 651 3965; x_wconf 87' lang='lat' dir='ltr'><em>etiam</em></span> <span class='ocrx_word' id='word_1_285' title='bbox 670 3919 820 3967; x_wconf 84' lang='lat' dir='ltr'><em>didascaliae</em></span> <span class='ocrx_word' id='word_1_286' title='bbox 831 3922 967 3966; x_wconf 81' lang='lat' dir='ltr'><em>&#39;noverunt</em></span> <span class='ocrx_word' id='word_1_287' title='bbox 1003 3917 1184 3978; x_wconf 79' lang='lat' dir='ltr'><em>clytemnestra</em></span> <span class='ocrx_word' id='word_1_288' title='bbox 1201 3922 1267 3965; x_wconf 87' lang='lat' dir='ltr'><em>certe</em></span> <span class='ocrx_word' id='word_1_289' title='bbox 1284 3923 1310 3966; x_wconf 89' lang='lat' dir='ltr'><em>et</em></span> <span class='ocrx_word' id='word_1_290' title='bbox 1327 3917 1389 3967; x_wconf 87' lang='lat' dir='ltr'><em>Ore·</em></span> 
     </span>
     <span class='ocr_line' id='line_1_34' title="bbox 157 4011 1389 4074; baseline -0.004 -9"><span class='ocrx_word' id='word_1_291' title='bbox 157 4021 207 4065; x_wconf 82' lang='lat' dir='ltr'><em>stes</em></span> <span class='ocrx_word' id='word_1_292' title='bbox 226 4013 346 4073; x_wconf 88' lang='lat' dir='ltr'><em>originem</em></span> <span class='ocrx_word' id='word_1_293' title='bbox 364 4012 463 4061; x_wconf 85' lang='lat' dir='ltr'><em>duxisse</em></span> <span class='ocrx_word' id='word_1_294' title='bbox 486 4012 598 4072; x_wconf 84' lang='lat' dir='ltr'><em>aprime</em></span> <span class='ocrx_word' id='word_1_295' title='bbox 616 4013 704 4074; x_wconf 88' lang='lat' dir='ltr'><em>capitis</em></span> <span class='ocrx_word' id='word_1_296' title='bbox 722 4012 845 4060; x_wconf 89' lang='lat' dir='ltr'><em>vocabulo</em></span> <span class='ocrx_word' id='word_1_297' title='bbox 867 4011 985 4059; x_wconf 87' lang='lat' dir='ltr'><em>similium</em></span> <span class='ocrx_word' id='word_1_298' title='bbox 1008 4013 1175 4071; x_wconf 85' lang='lat' dir='ltr'><em>exemplorum</em></span> <span class='ocrx_word' id='word_1_299' title='bbox 1199 4011 1264 4059; x_wconf 88' lang='lat' dir='ltr'><em>nube</em></span> <span class='ocrx_word' id='word_1_300' title='bbox 1287 4012 1389 4060; x_wconf 85' lang='lat' dir='ltr'><em>damon·</em></span> 
     </span>
     <span class='ocr_line' id='line_1_35' title="bbox 157 4104 1391 4169; baseline -0.002 -11"><span class='ocrx_word' id='word_1_301' title='bbox 157 4109 231 4159; x_wconf 88' lang='lat' dir='ltr'><em>strari</em></span> <span class='ocrx_word' id='word_1_302' title='bbox 247 4107 350 4169; x_wconf 88' lang='lat' dir='ltr'><em>poterit:</em></span> <span class='ocrx_word' id='word_1_303' title='bbox 369 4105 400 4151; x_wconf 83' lang='lat' dir='ltr'><em>cf.</em></span> <span class='ocrx_word' id='word_1_304' title='bbox 413 4105 534 4152; x_wconf 85' lang='lat' dir='ltr'>LXXXII</span> <span class='ocrx_word' id='word_1_305' title='bbox 546 4107 666 4155; x_wconf 82' lang='lat' dir='ltr'><em>Tantalus</em></span> <span class='ocrx_word' id='word_1_306' title='bbox 678 4107 809 4154; x_wconf 85' lang='lat' dir='ltr'>LXXXIII</span> <span class='ocrx_word' id='word_1_307' title='bbox 827 4106 918 4166; x_wconf 88' lang='lat' dir='ltr'><em>Pelops</em></span> <span class='ocrx_word' id='word_1_308' title='bbox 930 4105 1061 4151; x_wconf 88' lang='lat' dir='ltr'>LXXXIV</span> <span class='ocrx_word' id='word_1_309' title='bbox 1080 4104 1221 4154; x_wconf 89' lang='lat' dir='ltr'><em>Oenomaus</em></span> <span class='ocrx_word' id='word_1_310' title='bbox 1233 4106 1391 4156; x_wconf 85' lang='lat' dir='ltr'>LXXXVIII</span> 
     </span>
     <span class='ocr_line' id='line_1_36' title="bbox 158 4199 1391 4262; baseline -0.002 -10"><span class='ocrx_word' id='word_1_311' title='bbox 158 4208 261 4262; x_wconf 75' lang='lat' dir='ltr'><em>Atreus,</em></span> <span class='ocrx_word' id='word_1_312' title='bbox 287 4201 329 4248; x_wconf 91' lang='lat' dir='ltr'><em>ubi</em></span> <span class='ocrx_word' id='word_1_313' title='bbox 356 4215 427 4247; x_wconf 89' lang='lat' dir='ltr'><em>nemo</em></span> <span class='ocrx_word' id='word_1_314' title='bbox 454 4200 484 4246; x_wconf 89' lang='lat' dir='ltr'><em>de</em></span> <span class='ocrx_word' id='word_1_315' title='bbox 508 4202 635 4260; x_wconf 87' lang='lat' dir='ltr'><em>tragoedia</em></span> <span class='ocrx_word' id='word_1_316' title='bbox 653 4201 777 4261; x_wconf 87' lang='lat' dir='ltr'><em>cogitabit.</em></span> <span class='ocrx_word' id='word_1_317' title='bbox 814 4200 952 4247; x_wconf 89' lang='lat' dir='ltr'><em>Dilucidius</em></span> <span class='ocrx_word' id='word_1_318' title='bbox 972 4199 1045 4246; x_wconf 81' lang='lat' dir='ltr'><em>etiam</em></span> <span class='ocrx_word' id='word_1_319' title='bbox 1063 4206 1166 4259; x_wconf 88' lang='lat' dir='ltr'><em>apparet</em></span> <span class='ocrx_word' id='word_1_320' title='bbox 1183 4214 1196 4248; x_wconf 94' lang='lat' dir='ltr'><em>e</em></span> <span class='ocrx_word' id='word_1_321' title='bbox 1213 4200 1286 4246; x_wconf 92' lang='lat' dir='ltr'><em>XXV</em></span> <span class='ocrx_word' id='word_1_322' title='bbox 1302 4201 1391 4250; x_wconf 87' lang='lat' dir='ltr'><em>Medea</em></span> 
     </span>
     <span class='ocr_line' id='line_1_37' title="bbox 159 4292 1390 4358; baseline -0.001 -14"><span class='ocrx_word' id='word_1_323' title='bbox 159 4298 244 4344; x_wconf 90' lang='lat' dir='ltr'>XXVI</span> <span class='ocrx_word' id='word_1_324' title='bbox 261 4295 348 4343; x_wconf 84' lang='lat' dir='ltr'><em>Medea</em></span> <span class='ocrx_word' id='word_1_325' title='bbox 366 4295 422 4342; x_wconf 84' lang='lat' dir='ltr'><em>exul</em></span> <span class='ocrx_word' id='word_1_326' title='bbox 440 4294 525 4341; x_wconf 89' lang='lat' dir='ltr'>XXIV</span> <span class='ocrx_word' id='word_1_327' title='bbox 541 4296 623 4342; x_wconf 86' lang='lat' dir='ltr'><em>Iason.</em></span> <span class='ocrx_word' id='word_1_328' title='bbox 659 4294 773 4343; x_wconf 85' lang='lat' dir='ltr'><em>Peliadcs</em></span> <span class='ocrx_word' id='word_1_329' title='bbox 789 4292 842 4358; x_wconf 89' lang='lat' dir='ltr'><em>(ubi</em></span> <span class='ocrx_word' id='word_1_330' title='bbox 858 4295 932 4342; x_wconf 87' lang='lat' dir='ltr'><em>Iason</em></span> <span class='ocrx_word' id='word_1_331' title='bbox 949 4294 1059 4353; x_wconf 87' lang='lat' dir='ltr'><em>ineptum</em></span> <span class='ocrx_word' id='word_1_332' title='bbox 1077 4298 1127 4352; x_wconf 89' lang='lat' dir='ltr'><em>cst,</em></span> <span class='ocrx_word' id='word_1_333' title='bbox 1152 4293 1224 4341; x_wconf 90' lang='lat' dir='ltr'><em>unice</em></span> <span class='ocrx_word' id='word_1_334' title='bbox 1241 4298 1326 4354; x_wconf 89' lang='lat' dir='ltr'><em>aptum</em></span> <span class='ocrx_word' id='word_1_335' title='bbox 1345 4295 1390 4344; x_wconf 88' lang='lat' dir='ltr'><em>Pe·</em></span> 
     </span>
     <span class='ocr_line' id='line_1_38' title="bbox 159 4385 1391 4454; baseline -0.001 -14"><span class='ocrx_word' id='word_1_336' title='bbox 159 4388 247 4454; x_wconf 85' lang='lat' dir='ltr'><em>liades)</em></span> <span class='ocrx_word' id='word_1_337' title='bbox 265 4387 357 4436; x_wconf 81' lang='lat' dir='ltr'>CXLV</span> <span class='ocrx_word' id='word_1_338' title='bbox 374 4388 455 4436; x_wconf 81' lang='lat' dir='ltr'><em>Niobe</em></span> <span class='ocrx_word' id='word_1_339' title='bbox 471 4387 525 4436; x_wconf 85' lang='lat' dir='ltr'><em>slve</em></span> <span class='ocrx_word' id='word_1_340' title='bbox 542 4389 569 4435; x_wconf 91' lang='lat' dir='ltr'><em>Ic</em></span> <span class='ocrx_word' id='word_1_341' title='bbox 588 4388 716 4436; x_wconf 76' lang='lat' dir='ltr'>CLXXXI</span> <span class='ocrx_word' id='word_1_342' title='bbox 733 4388 816 4436; x_wconf 83' lang='lat' dir='ltr'><em>Diana</em></span> <span class='ocrx_word' id='word_1_343' title='bbox 833 4389 888 4454; x_wconf 85' lang='lat' dir='ltr'><em>(pro</em></span> <span class='ocrx_word' id='word_1_344' title='bbox 905 4386 1026 4453; x_wconf 79' lang='lat' dir='ltr'><em>Actaeon)</em></span> <span class='ocrx_word' id='word_1_345' title='bbox 1044 4386 1186 4436; x_wconf 82' lang='lat' dir='ltr'>CLXXXII</span> <span class='ocrx_word' id='word_1_346' title='bbox 1204 4385 1298 4435; x_wconf 85' lang='lat' dir='ltr'><em>Oceani</em></span> <span class='ocrx_word' id='word_1_347' title='bbox 1315 4389 1391 4439; x_wconf 84' lang='lat' dir='ltr'><em>tiliae.</em></span> 
     </span>
    </p>
   </div>
   <div class='ocr_carea' id='block_1_4' title="bbox 0 0 1556 4950">
    <p class='ocr_par' dir='ltr' id='par_1_4' title="bbox 0 0 1556 4950">
     <span class='ocr_line' id='line_1_39' title="bbox 0 0 1556 4950; baseline 0 0"><span class='ocrx_word' id='word_1_348' title='bbox 0 0 1556 4950; x_wconf 95' lang='lat' dir='ltr'><em> </em></span> 
     </span>
    </p>
   </div>
  </div>
 </body>
</html>
