3082 4950
757 215 849 281 XXII

189 369 306 449 posuit,
327 387 391 434 non
407 369 566 435 diversum
582 370 748 436 consiHum
765 376 907 436 secutum
923 370 1034 454 Ceycis
1047 371 1265 453 Alcyonesque
1282 371 1424 453 speciem

189 486 345 548 mutatam
363 500 494 548 narrare
511 500 606 564 quam
629 483 795 564 utriusque
817 482 961 565 coniugis
978 482 1132 565 pietatem
1151 482 1337 564 praedicare
1355 500 1424 548 ma-

189 593 297 659 luisse.
326 594 518 660 recordabar
541 595 636 659 etiam
656 593 840 675 Apollodori
863 595 935 673 19,
957 595 992 673 3,
1020 592 1188 659 referentis
1207 593 1349 675 Aeginae
1372 612 1423 658 re-

189 706 389 787 ceptaculum
414 707 523 787 Asopo
550 703 636 786 patri
663 704 828 786 quaerenti
853 723 872 770 a
895 704 1033 787 Sisypho
1055 705 1147 770 Aeoli
1169 704 1236 769 filio
1261 705 1423 786 proditum

191 832 278 897 essa,
308 818 366 882 sed
393 817 474 882 hano
495 817 599 897 ipsam
621 835 688 881 rem
711 835 782 881 cum
806 814 968 881 fabulator
991 815 1169 896 reticuerit,
1198 834 1301 897 neque
1323 815 1424 881 ullam

191 927 319 1010 Sisyphi
336 927 527 992 mentionem
547 927 705 1007 iniecerit,
726 927 759 992 in
781 928 951 1009 propatulo
969 932 1020 992 est
1036 927 1197 992 cardinem
1212 927 1259 992 rei
1275 946 1339 992 non
1355 933 1424 992 tam

119 1129 120 1133 Ἰ
189 1038 222 1103 in
239 1039 380 1119 Aeginae
396 1038 473 1121 fuga
489 1039 625 1118 versari,
654 1056 748 1120 quarn
765 1038 798 1103 in
815 1038 996 1103 hominibus
1010 1040 1109 1103 Aeaci
1126 1039 1230 1120 gratia
1247 1058 1265 1104 e
1283 1037 1424 1104 formicis

190 1151 284 1215 natis.
305 1188 347 1199 -
366 1150 479 1232 Capite
497 1150 599 1215 LXVI
614 1154 835 1230 argumentum
850 1155 925 1232 post
939 1168 963 1214 c.
980 1150 1025 1214 XI
1042 1149 1225 1215 derelictum
1240 1151 1281 1215 ab
1296 1154 1427 1215 auctore

188 1263 306 1327 resumi
331 1260 477 1326 diximus.
530 1265 634 1342 Atque
657 1261 690 1325 in
715 1261 824 1326 codice
848 1260 1046 1342 Frisingensi
1071 1260 1251 1326 fabularum
1278 1260 1423 1326 ordinem

190 1374 324 1438 eundern
347 1370 447 1437 luisse
476 1378 572 1454 atque
598 1373 631 1437 in
657 1372 729 1437 aliis
755 1371 845 1437 libris
869 1391 937 1437 mss
966 1377 1127 1437 servatum
1156 1373 1346 1438 documento
1373 1377 1425 1437 est
1469 1368 1473 1375 ’

188 1483 299 1549 folium
316 1485 476 1566 quoddam
490 1485 681 1565 rescriptum
697 1485 782 1565 quod
800 1485 836 1549 G.
851 1484 888 1548 B.
905 1482 1047 1548 Niebuhr
1062 1483 1181 1564 publici
1195 1484 1275 1550 iuris
1290 1483 1366 1549 fecit
1382 1485 1424 1549 nd

190 1597 306 1661 calcem
326 1592 398 1660 libri
417 1615 438 1660 a
458 1615 493 1661 se
515 1594 592 1661 editi
608 1597 651 1661 M.
669 1596 753 1661 Tulli
772 1595 932 1662 Ciceronis
955 1596 1130 1662 orationem
1155 1616 1213 1678 pro
1228 1598 1270 1662 M.
1289 1597 1424 1662 Fonteio

190 1713 224 1772 et
240 1726 297 1790 pro
314 1706 346 1772 O.
361 1707 490 1772 Rabirio
511 1708 690 1789 fragmenta
704 1709 824 1774 Romae
844 1709 925 1773 1820
940 1726 971 1789 p.
989 1708 1170 1773 roo-107
1188 1707 1241 1789 (ci.
1257 1729 1287 1790 p.
1305 1709 1361 1790 16)
1376 1707 1425 1772 in·

191 1819 381 1900 scripsitque
409 1820 688 1901 ‘fragmentum
718 1820 764 1884 de
786 1819 903 1884 rebus
934 1819 1160 1884 Thebanis'.
1191 1818 1337 1901 singulae
1367 1838 1425 1900 pa·

191 1929 285 2012 ginae
305 1931 367 1995 XII
383 1931 528 1995 versibus
545 1936 704 2009 constant,
727 1948 861 2011 quornm
878 1930 1019 1995 decimus
1038 1930 1171 2012 quisque
1194 1930 1352 2012 plicatura
1370 1930 1426 1994 de-

190 2041 285 2106 tritus
302 2041 466 2105 obscurior
478 2040 583 2106 factus
600 2047 659 2120 est,
681 2059 785 2122 neque
799 2041 838 2106 iis
852 2043 987 2123 integris
1004 2042 1062 2107 sed
1079 2041 1176 2106 tertia
1189 2059 1315 2123 quaque
1332 2047 1426 2123 parte

191 2151 380 2233 imminutis,
401 2157 438 2216 ut
458 2170 541 2219 nunc
555 2171 586 2235 p.
604 2155 632 2232 1,
656 2156 670 2216 l
695 2171 716 2217 a
737 2152 841 2218 verbis
858 2170 1029 2220 aserenon
1053 2155 1080 2232 1,
1103 2154 1142 2217 il
1160 2170 1181 2216 a
1199 2152 1331 2234 syllabis
1347 2169 1425 2219 onis

191 2263 360 2344 incipiant,
390 2282 421 2345 p.
437 2265 467 2343 2,
492 2267 507 2328 1
532 2263 565 2328 in
586 2282 696 2329 vocem
713 2280 874 2330 nonruror
894 2284 925 2346 p.
940 2265 970 2344 2,
993 2264 1032 2328 ll
1057 2264 1089 2328 in
1113 2282 1222 2329 vocem
1239 2280 1423 2330 rnnsmns

191 2370 302 2456 (vulgo
325 2374 538 2457 Thebanis)
563 2379 692 2455 exeant,
722 2393 794 2439 cum
818 2375 982 2456 probabile
1007 2375 1049 2440 sit
1070 2375 1188 2456 integri
1211 2374 1278 2439 folii
1301 2394 1333 2456 p.
1354 2376 1381 2454 1,
1405 2377 1422 2439 1

191 2504 305 2551 avoce
321 2486 494 2568 ‘cupidine'
513 2506 544 2567 p.
562 2488 590 2566 1,
614 2487 652 2551 ll
669 2486 800 2551 vocibus
818 2488 983 2568 ‘cupiebas
1002 2487 1094 2550 osrot'
1111 2487 1280 2567 incepisse,
1301 2505 1332 2567 p.
1350 2487 1379 2566 2,
1405 2489 1421 2550 l

190 2595 223 2661 in
249 2599 357 2660 ‘conio
373 2598 425 2645 -'
452 2616 482 2679 p.
498 2599 534 2678 2,
558 2599 596 2662 ll
626 2598 659 2663 ln
686 2597 877 2682 ‘diffiderat'
904 2597 1028 2662 exiisse.
1079 2597 1230 2663 Anterior
1252 2596 1425 2679 fragmenti

191 2707 310 2791 pagina
324 2708 437 2790 capitis
452 2708 572 2775 LXVII
588 2710 706 2774 exitum
721 2727 786 2774 nna
803 2728 874 2774 cnm
894 2709 997 2774 LXIX
1011 2709 1102 2774 initio
1119 2708 1345 2790 complectitur,
1366 2727 1424 2790 po-

192 2819 308 2884 sterior
336 2836 360 2884 c.
380 2819 465 2884 LXX
488 2824 522 2883 et
546 2820 671 2884 LXXIA
699 2838 769 2884 oum
800 2838 840 2885 ea
870 2820 984 2902 capitis
1010 2821 1133 2886 LXXIB
1159 2821 1342 2886 recensione
1371 2838 1424 2885 co-

192 2948 321 3009 nexum,
352 2947 446 3011 quam
470 2930 554 2994 idem
578 2930 724 3012 Hyginus
749 2930 854 3012 capito
870 2930 1006 2997 LXVIII
1031 2932 1199 3012 expressit.
1229 2937 1425 3014 quapropter

193 3045 250 3107 aut
264 3040 399 3105 LXVIII
416 3041 448 3104 in
468 3041 571 3106 locum
586 3041 711 3107 1111111Β
730 3041 861 3124 pessimi
878 3041 980 3106 habiti
1001 3042 1257 3109 substituendum
1276 3044 1345 3123 erit,
1366 3049 1425 3108 aut

192 3152 315 3217 LXXIB
340 3152 458 3216 LXXII
481 3157 555 3233 post
581 3152 715 3218 LXVIII
740 3152 860 3247 retrahi
885 3153 1072 3218 iubebimus.
1101 3173 1234 3235 quarum
1263 3153 1424 3219 rationum

192 3268 351 3346 praestat,
382 3263 416 3328 ni
442 3262 550 3344 fallor,
581 3264 740 3344 posterior
767 3282 957 3345 quamquam
987 3284 1093 3330 rernm
1121 3270 1321 3330 namuurum
1344 3265 1424 3331 ordo

193 3393 256 3440 non
279 3374 395 3456 ubique
417 3392 488 3440 curn
506 3380 684 3457 temporum
701 3375 878 3441 rationibus
903 3375 1077 3441 conveniat.
1106 3395 1181 3442 nam
1198 3376 1425 3442 Cadmidarum

192 3484 320 3551 fabulae
343 3486 385 3550 nd
407 3490 540 3551 mortem
564 3485 746 3568 Antigonae
773 3492 983 3568 perpetuatae
1013 3488 1161 3553 dedecori
1188 3488 1331 3569 profecto
1359 3506 1424 3552 non

194 3602 270 3662 suut
292 3601 415 3679 septem
433 3601 586 3662 tmemata
608 3597 766 3663 corollarii
787 3598 857 3663 loco
877 3599 1015 3663 adiecta:
1045 3600 1221 3675 Adrastus,
1247 3599 1309 3664 VH
1325 3600 1423 3663 duces

193 3707 319 3773 Thebas
340 3706 482 3789 profecti,
506 3708 643 3791 Epigoni
656 3708 870 3790 Amphiaraus
887 3709 1065 3791 Hypsipyle
1081 3716 1114 3775 et
1133 3709 1290 3791 Tiresias,
1310 3714 1424 3791 utpote

193 3820 225 3884 in
249 3823 436 3901 argumento
463 3826 619 3901 occupata
641 3826 809 3902 poetarum
833 3839 930 3902 opera
952 3821 1206 3886 honoratissimo.

279 3930 505 4012 Mythographi
522 3932 624 3996 nostri
641 3948 694 3996 res
718 3931 749 3996 in
768 3931 912 3996 ordinem
929 3931 1094 4014 redigendi
1111 3930 1278 3997 artificium
1298 3951 1315 3998 e
1337 3932 1423 4015 oapi-

193 4046 261 4106 tum
283 4040 619 4108 LXXVII-CXXIV
643 4044 858 4125 perpetuitate
882 4061 1052 4124 eorumque
1075 4043 1248 4124 partitione
1274 4043 1424 4109 antiome-

194 4152 279 4218 siore
298 4153 417 4234 optime
438 4153 647 4235 cognoscitur.
691 4153 871 4236 Aliquando
888 4158 920 4219 et
935 4154 1005 4236 ipse
1018 4155 1151 4221 miratus
1171 4174 1241 4221 sum
1261 4174 1323 4221 non
1341 4157 1424 4220 Tan-

194 4263 292 4329 talum
316 4265 373 4329 sed
389 4265 509 4330 Ledam
533 4283 605 4330 esso
628 4265 721 4330 huius
744 4266 845 4346 partis
872 4264 1069 4348 principium,
1096 4267 1154 4331 sed
1177 4286 1249 4333 mox
1272 4266 1423 4348 intellexi,

195 4373 302 4455 capita
318 4376 451 4441 CLXXI'
462 4375 629 4455 (Althaea)
647 4382 679 4441 et
693 4377 857 4441 LXXXIII
878 4378 1120 4460 (Amphiaraus)
1137 4378 1197 4442 hoc
1213 4378 1317 4459 ipsum
1337 4378 1423 4444 effla-
