3082 4950
696 229 835 295 XXVIII

151 379 300 462 titulis*),
322 381 456 464 singulis
472 383 630 466 capitibus
649 403 708 466 pro
724 383 903 466 argumenti
915 381 1079 464 parilitate
1091 379 1261 462 impositis,
1285 397 1382 462 qnae·

153 511 276 574 cunque
294 493 367 558 libri
390 495 521 559 secundi
542 494 688 576 singulae
706 495 892 560 historiolae
913 493 1093 559 communia
1112 492 1277 571 baberent,
1298 509 1382 556 com-

151 604 350 685 prehendere
370 605 548 688 iterumque
568 607 739 672 memoriae
759 607 919 672 incrdcare
940 605 1073 670 studuit
1114 605 1153 670 In
1174 603 1286 668 ordine
1306 602 1383 667 titu-

151 715 254 780 lorum
277 715 329 780 vix
351 717 520 799 quidquam
544 718 730 800 reperietur,
753 718 839 799 quod
855 718 1027 798 vituperes.
1048 716 1213 781 materiem
1229 713 1314 780 eninr
1336 713 1383 779 sic

152 825 319 909 disposuit,
341 834 379 893 ut
392 847 417 894 c.
434 828 833 895 CCXXVI-CGXXXIII
852 829 983 894 deorum
998 845 1133 906 amores,
1153 825 1384 892 ccxxxiv-

151 937 254 1002 XLVI
276 940 460 1021 parricidas,
482 959 508 1005 c.
524 940 858 1007 ccxuvn—ccnss
873 941 988 1006 heroes
1011 959 1031 1004 a
1051 938 1130 1004 feris
1146 945 1202 1004 aut
1221 937 1383 1003 laceratos

152 1055 208 1114 aut
234 1051 386 1130 nutritoS,
417 1070 443 1116 c.
458 1052 740 1118 ccam-LVII
770 1051 1046 1117 LXVII-LXXI
1074 1049 1214 1131 iusignia
1242 1047 1385 1130 pictatis,

152 1161 318 1242 castitatis,
339 1162 507 1242 amicitiae,
529 1161 735 1242 fortitudinis,
757 1162 949 1242 divitiarum,
968 1160 1213 1244 pulchritudinis
1228 1159 1385 1242 exempla,

151 1290 176 1337 c.
202 1273 459 1340 OOLle—Vl
488 1274 619 1339 heroum
650 1292 671 1339 a
703 1274 765 1340 diis
796 1273 1034 1339 interfectorum
1066 1273 1209 1352 uomina,
1245 1271 1385 1353 denique

151 1400 176 1448 c.
192 1383 496 1450 CCXXXIII—VII
516 1385 637 1467 primos
659 1404 764 1451 rerum
786 1385 971 1450 inventores
992 1403 1057 1449 una
1078 1401 1148 1448 cum
1169 1382 1316 1447 ludonrm
1336 1382 1385 1446 in·

150 1496 385 1561 stauratoribus
408 1496 660 1578 oppidorumque
682 1496 897 1562 conditoribus
918 1500 1113 1577 congereret
1135 1493 1315 1559 accuratius
1334 1497 1386 1558 ta-

150 1626 223 1672 men
238 1607 373 1689 singulis
389 1608 556 1689 perpensis
574 1613 741 1690 emergunt
759 1607 838 1673 vitia
851 1607 1005 1672 nonnulla
1020 1625 1102 1688 quae
1117 1606 1265 1671 abstersa
1278 1603 1384 1669 malis.

149 1719 187 1784 Ε.
206 1737 232 1784 c.
246 1719 330 1784 idem
345 1720 434 1784 locus
451 1719 503 1801 qui
516 1719 760 1802 interpolatione
774 1719 929 1785 Seruiana
943 1726 995 1784 est
1009 1717 1193 1800 inquinatus
1208 1715 1271 1780 alio
1285 1715 1385 1780 etiarn

150 1829 349 1896 incommodo
370 1830 503 1895 laborat.
524 1849 598 1895 nam
614 1831 668 1913 qui
683 1831 821 1896 animum
840 1830 883 1895 ad
897 1829 1051 1895 formulas
1073 1830 1250 1911 ‘piissimae
1271 1829 1385 1890 costis·

150 1942 251 2004 omae
267 1943 517 2005 coairructissiuei
528 1933 570 1990 -’-
584 1941 849 2006 bellicosissimos
863 1942 1039 2025 tmtissimi
1052 1940 1244 2022 amplissimi
1256 1936 1385 2022 forano-

150 2052 275 2115 sissirni‘
297 2052 493 2133 adtenderit,
521 2051 629 2118 statIm
654 2053 771 2118 sentiet
792 2052 899 2134 capita
917 2051 1058 2117 GOLVII
1079 2049 1291 2116 etCOLXVII
1313 2048 1386 2115 fini-

150 2161 229 2227 tima
242 2181 314 2229 esse
328 2163 451 2243 debere,
467 2182 525 2229 nec
536 2182 634 2245 posse
649 2164 755 2229 divelli
770 2182 878 2230 earum
889 2162 1178 2229 nomenclationum
1191 2160 1385 2242 incursione,

151 2292 233 2355 quus
252 2274 425 2356 inscriptae
444 2281 520 2340 sunt
542 2278 609 2360 ‘qai
625 2297 645 2340 u
662 2275 817 2359 Neptrcao
836 2277 1007 2359 perierunt
1024 2274 1076 2337 eei
1097 2295 1120 2336 a
1139 2273 1312 2336 Mercurio
1330 2274 1386 2336 vel

151 2405 173 2448 a
192 2385 357 2451 Minerou'
379 2389 446 2471 ‘qni
466 2387 507 2450 ab
526 2388 681 2470 Apolline
700 2386 903 2470 perieruut’3
925 2390 1049 2450 etcum
1072 2383 1213 2449 dubitari
1233 2390 1384 2465 nequeat,

151 2497 226 2578 quin
248 2498 311 2562 tria
333 2516 358 2564 c.
371 2499 532 2565 264-66
555 2497 695 2586 genuina
716 2497 781 2563 sint
802 2496 1031 2579 (compluribus
1054 2496 1138 2561 enim
1155 2495 1228 2560 libri
1249 2495 1385 2560 secundi

148 2608 227 2675 locis
255 2609 370 2676 heroes
397 2616 603 2677 recensentur
629 2609 788 2675 vellavis
814 2608 946 2674 fulmine
973 2607 1118 2690 percussi
1145 2606 1196 2672 vel
1223 2605 1382 2688 Apollinis

150 2719 278 2802 sagittis
301 2721 473 2795 interlecti)
496 2721 641 2804 sequitur
662 2726 700 2785 ut
721 2720 823 2785 altero
846 2719 942 2786 etiam
963 2718 1033 2784 loco
1055 2722 1111 2783 aut
1132 2735 1153 2782 a
1173 2716 1304 2782 librario
1326 2720 1384 2781 aut

149 2848 170 2895 a
192 2830 372 2914 bibliopego
396 2832 559 2914 antiquum
576 2833 718 2897 ordinem
741 2836 893 2897 novatum
907 2830 1061 2910 dicamus,
1082 2847 1121 2894 co
1138 2828 1266 2908 scilicet,
1289 2847 1382 2910 quem

148 2940 251 3007 tribus
273 2942 337 3008 illis
359 2942 517 3027 capitibus
540 2947 667 3025 oportet
687 2943 851 3026 proprium
873 2960 947 3007 csse
969 2946 1158 3006 statuamus.
1180 2939 1382 3022 quiquidem

148 3072 211 3118 non
225 3052 352 3119 difficile
364 3060 414 3120 est
422 3054 627 3136 investigatu.
642 3058 863 3136 argumentum
876 3052 1033 3135 capitibus
1046 3051 1383 3118 GOXXIV-XXXIII

149 3181 315 3230 commuue
337 3164 369 3230 iu
392 3166 523 3230 deorum
547 3165 687 3231 cernitur
701 3165 926 3246 hominumque
941 3163 1137 3242 commercio,
1159 3162 1277 3244 quippe
1296 3162 1380 3244 quod

149 3294 212 3341 non
228 3276 313 3343 coitu
329 3276 537 3359 coniugioque
553 3279 621 3342 solo
637 3282 830 3356 exerceatur,
853 3275 1023 3341 sedetiam
1039 3273 1190 3339 mortales
1204 3273 1380 3339 immeritos

148 3388 229 3452 mori
248 3389 335 3454 coelo
358 3388 432 3453 beet
453 3393 487 3454 et
502 3388 669 3454 coelicolas
684 3387 865 3453 mortalium
886 3386 1091 3452 ueneratione
1112 3389 1243 3450 recreet
1266 3383 1381 3466 quodsi

73 3566 83 3574 ,
150 3498 257 3582 capita
271 3499 465 3565 secludenda
481 3506 556 3565 aute
578 3498 795 3582 §CCXXXIV
809 3498 990 3578 inserueris,
1012 3516 1076 3562 non
1098 3496 1219 3562 absone
1236 3495 1381 3562 homines

148 3611 280 3675 deorum
294 3610 546 3676 benevolentiam
562 3615 711 3692 expertos
727 3609 863 3692 eroipiet
877 3627 986 3675 eorum
1000 3607 1168 3687 indiculus,
1184 3608 1238 3689 qui
1250 3606 1381 3673 numina

150 3719 328 3787 babuerunt
350 3723 495 3788 adversa.
522 3739 728 3804 quaecunque
750 3721 930 3788 homiuibus
953 3738 1093 3802 unquam
1114 3717 1293 3801 perniciosa
1313 3718 1382 3784 bre

149 3834 241 3911 runt,
273 3831 402 3898 deorum
430 3833 550 3899 invidia
580 3838 613 3898 et
645 3837 852 3915 cognatorum
886 3833 1198 3915 propinquorumque
1229 3829 1381 3914 nequitia,

149 3941 325 4008 bestiarum
354 3941 465 4010 lentas
487 3949 683 4026 naturaeque
711 3943 911 4025 iniquitates,
942 3943 1099 4026 capitibus
1116 3941 1381 4008 cccxlv—vc

151 4053 486 4121 CCXXXIIII-CGL
504 4055 717 4138 exemplorum
734 4055 969 4120 multitudinem
986 4058 1176 4136 suggerunt:
1199 4053 1227 4118 si
1240 4052 1381 4135 quivero

219 4312 246 4378 s)
264 4313 288 4360 in
307 4312 455 4360 editionibus
474 4315 632 4360 numerantur
649 4312 715 4370 LIV,
733 4314 778 4361 sed
796 4314 853 4362 ΥΠ.
873 4315 922 4362 au
940 4327 1016 4360 uuum
1034 4313 1144 4361 effecisse
1161 4317 1234 4374 caput
1251 4311 1382 4372 probabile

151 4412 201 4454 est:
220 4408 302 4469 capita
319 4407 466 4457 abu-atu
484 4421 498 4454 e
516 4406 602 4454 Servio
619 4406 767 4468 interpolata
784 4422 838 4457 esse
856 4412 959 4456 constat
