3082 4950
712 229 754 295 39

117 400 186 448 mas
201 385 315 464 postea
333 381 373 447 ab
391 362 512 447 lunone
527 382 653 449 insania
670 383 795 447 obieeta
813 383 990 447 Learchum
1006 381 1104 447 filium
1119 383 1286 450 interfecit.
1315 390 1349 450 at

117 494 174 558 Ino
196 511 266 558 eum
290 493 454 559 Melicerte
477 492 542 558 filio
568 512 626 558 suo
651 493 684 558 in
707 511 795 558 mare
819 510 854 558 se
872 493 1104 576 praecipitavit.
1136 514 1230 576 quam
1254 496 1350 561 Liber

116 604 331 669 Leucotheam
350 604 450 670 voluit
474 605 644 688 appellari,
666 624 725 670 nos
749 610 883 670 matrem
898 604 1056 669 Matutam
1078 605 1228 687 uiduus,
1258 607 1348 672 Meli-

117 721 224 782 certen
243 721 350 780 eutem
368 718 462 782 deum
480 716 703 783 Palaemonem
721 735 814 799 quem
832 735 892 780 nos
907 715 1081 781 Portunum
1102 717 1244 782 dicimus.
1275 717 1349 783 huic
1432 750 1438 763 ι

116 826 225 908 quinto
247 845 373 908 quoque
391 846 474 893 anno
496 827 565 892 ludi
585 827 722 911 gymnici
743 826 838 908 liunt,
859 827 914 908 qui
937 825 1140 910 appellantur
1159 821 1304 912 l'odpoul
1356 823 1376 888 5
1480 868 1484 876 -

600 1000 680 1092 lin
698 1023 834 1089 Phrixus

198 1159 334 1255 Phrixus
351 1164 383 1226 et
397 1159 491 1225 Helle
504 1159 632 1225 insania
646 1178 666 1225 a
681 1159 796 1227 Libero
817 1159 942 1226 obiecta
958 1178 1029 1225 cum
1045 1160 1077 1225 in
1097 1159 1179 1226 silva
1193 1166 1346 1244 errarent,

113 1271 238 1337 Nebula
250 1275 353 1337 meter
366 1269 490 1355 eolruml
507 1271 623 1337 dicitur
637 1271 764 1338 venisse
778 1276 811 1337 et
824 1271 955 1338 arietem
966 1272 1148 1338 inauratum
1163 1272 1346 1354 adduxisse,

112 1380 255 1465 Neptuni
272 1386 306 1447 et
320 1382 532 1465 Theophanes
548 1382 657 1449 lilium.
689 1383 721 1449 in
740 1401 834 1465 quem
851 1388 944 1449 natos
966 1401 1042 1449 suos
1058 1384 1232 1450 ascendere
1251 1384 1346 1450 iussit

114 1497 159 1589 ei...
169 1493 303 1560 Colchos
327 1494 368 1558 ad
395 1512 502 1575 regem
529 1495 663 1559 Aeetam
688 1493 770 1560 Solis
795 1493 895 1559 lilium
921 1494 1058 1561 transire
1082 1494 1189 1577 ibique
1211 1495 1344 1560 arietem

112 1586 216 1681 Mirti·
227 1604 399 1670 immolare.
443 1604 508 1687 [Ita
532 1604 648 1670 dieitur
664 1623 737 1670 esse
759 1604 898 1687 factum}
943 1605 1004 1683 Qui
1028 1624 1097 1671 oum
1122 1607 1345 1673 ascendissent
1353 1601 1394 1666 10

112 1722 146 1783 et
164 1716 248 1783 aries
272 1734 327 1782 eos
351 1715 384 1780 in
402 1716 535 1798 pelagus
554 1715 741 1796 detulisset,
768 1715 862 1781 Helle
880 1717 919 1781 de
938 1716 1037 1782 ariete
1061 1717 1194 1797 decidit,
1225 1737 1263 1782 ex
1280 1737 1342 1799 quo

111 1827 356 1910 Hellespontum
376 1826 509 1909 pelagus
532 1831 583 1892 est
599 1827 810 1909 appellatum;
839 1827 990 1892 Phrixum
1012 1832 1118 1893 autem
1138 1828 1272 1895 Colchos
1287 1831 1343 1894 de·

111 1939 193 2004 tulit.
236 1937 285 2004 lbi
306 1937 417 2002 matris
441 1937 646 2020 praeceptis*
668 1938 799 2004 arietem
825 1938 1000 2004 immolavit
1017 1939 1196 2021 pellemque
1211 1940 1279 2005 eius
1295 1940 1342 2006 in·

58 2065 60 2068 ·
111 2054 256 2116 auratam
280 2049 313 2114 in
342 2049 462 2131 templo
487 2049 601 2114 Martis
632 2051 748 2131 posuit.
782 2067 876 2131 quam
907 2055 1055 2115 servante
1082 2050 1219 2116 dracone
1244 2053 1341 2118 Iason

78 2248 82 2253 .
109 2160 246 2229 Aesonis
268 2165 302 2225 et
323 2159 504 2226 Alcimedes
526 2159 611 2226 filius
633 2161 749 2226 dicitur
767 2161 896 2243 petisse.
939 2161 1090 2227 Phrixum
1110 2166 1216 2228 autern
1240 2156 1391 2229 Aeetal5

58 2258 75 2287 ‘²
109 2272 211 2338 libens
237 2271 358 2353 recepit
380 2269 540 2353 filiamque
565 2271 758 2354 Chalciopen
784 2272 872 2338 dedit
896 2272 925 2338 ei
949 2291 1087 2338 uxorem.
1125 2292 1206 2355 quae
1225 2279 1340 2356 postea

110 2384 228 2449 liberos
252 2402 291 2448 ex
315 2402 351 2448 eo
373 2382 561 2464 procreavit.
607 2383 670 2448 Sed
692 2383 811 2449 veritus
829 2387 879 2447 est
893 2385 996 2449 Aeeta
1012 2402 1052 2449 ne
1071 2402 1105 2449 se
1126 2402 1223 2466 regno
1249 2386 1340 2451 eiice-

110 2499 215 2574 00106,
238 2495 322 2575 quod
337 2494 367 2558 ei
380 2511 571 2574 responsum
585 2493 646 2557 luit
663 2512 702 2558 ex
717 2493 881 2575 prodigiis,
904 2493 944 2559 ab
962 2493 1121 2579 advenalel
1137 2495 1251 2577 [Aeoli]
1273 2496 1338 2561 filio

110 2592 243 2671 mortem
277 2611 413 2670 caveret.
445 2605 555 2686 itaque
584 2603 734 2669 Phrixum
760 2604 926 2670 interfecit.
978 2608 1022 2670 At
1048 2604 1105 2669 filii
1133 2606 1201 2670 eius
1232 2609 1337 2689 Argus

109 2716 259 2783 Phrontis
273 2715 376 2782 Melas
393 2715 557 2798 Cytisorus
581 2715 614 2781 in
630 2720 731 2781 ratem
753 2716 1005 2781 conscenderunt
1020 2720 1056 2781 ut
1070 2717 1112 2781 ad
1132 2735 1224 2784 avum
1239 2719 1338 2785 Atha·
1347 2719 1389 2783 20

108 2831 249 2894 mantem
267 2827 449 2893 transirent.
477 2827 548 2908 [hos
565 2828 661 2893 Iason
685 2845 754 2892 cum
770 2827 885 2908 pellem
902 2832 1029 2909 peteret
1046 2826 1219 2910 naufragos
1237 2849 1276 2895 ex
1289 2830 1337 2896 in-

108 2938 182 3005 sula
196 2939 274 3007 Aria
292 2938 425 3005 sustulit
444 2944 477 3005 et
496 2940 537 3004 ad
554 2939 745 3022 Chalciopen
765 2944 898 3005 matrem
916 2939 1108 3023 reportavit,
1137 2941 1226 3007 euius
1242 2942 1337 3008 bene-

12 3138 16 3143 ,
107 3049 179 3117 ficio
202 3053 243 3117 ad
266 3069 408 3117 sororem
429 3051 576 3117 Medeam
597 3054 648 3117 est
669 3051 928 3132 commendatus]

109 3312 122 3357 1
142 3309 202 3357 Iove
218 3309 240 3355 F
257 3309 364 3357 Bursian
381 3308 428 3355 ΠΒ
448 3309 513 3358 1866
531 3307 616 3356 XCIII
632 3323 656 3368 p.
672 3308 734 3368 771,
753 3312 784 3357 21
804 3323 858 3356 corr
876 3307 901 3359 Σ
954 3311 969 3356 5
987 3308 1017 3354 V.
1036 3308 1057 3354 P
1074 3308 1156 3367 001010
1174 3307 1261 3356 Comm

177 3405 191 3450 6
211 3403 293 3451 hellen
310 3403 331 3449 F
348 3402 418 3449 helles
436 3403 506 3451 schol
523 3402 583 3450 Stat.
603 3403 680 3450 Theb.
699 3403 725 3450 II
743 3405 791 3451 281
811 3418 834 3463 p.
848 3405 880 3452 58
898 3418 953 3467 corr
970 3401 1056 3449 Comm
1069 3400 1079 3468 ΙΙ
1096 3404 1168 3463 sylva
1183 3403 1204 3448 F
1239 3407 1253 3452 7
1272 3406 1334 3452 eoF

107 3512 187 3546 eoram
205 3498 275 3546 sehol
300 3498 646 3558 etmyth.Vat.123p.8
699 3498 874 3558 deumquel'l
898 3499 988 3556 inquo
1011 3497 1081 3544 sohol
1097 3496 1124 3543 in
1141 3512 1208 3556 qoem
1225 3511 1238 3545 e
1256 3501 1333 3560 myth.

107 3592 164 3639 Vot
182 3590 207 3641 Σ
258 3596 272 3640 9
300 3588 339 3657 lini
358 3590 456 3640 Colchos
474 3592 551 3653 myth.
569 3592 626 3639 Vat.
644 3593 657 3638 1
675 3595 706 3640 23
725 3593 750 3639 11
769 3595 818 3642 134
872 3593 903 3640 10
924 3593 970 3655 [Ita
989 3624 995 3637 .
1014 3629 1018 3638 .
1038 3591 1137 3652 laetum]
1155 3607 1185 3639 ex
1202 3594 1333 3641 alterare·

107 3689 220 3737 censione
244 3688 373 3746 breviore,
398 3686 424 3734 in
450 3701 498 3746 qua
516 3687 617 3735 deerant
642 3688 721 3734 verba
746 3686 797 3746 ‘qai
820 3702 872 3734 eum
946 3684 1044 3747 petieee'
1064 3682 1074 3752 ΙΙ
1094 3687 1180 3746 qqu
1202 3689 1246 3747 qui
1265 3690 1334 3737 schol

108 3785 139 3832 13
152 3789 283 3844 praecepto
302 3780 307 3848 Ι
309 3777 409 3846 parmai
428 3781 497 3830 schol
515 3781 591 3842 myth.
611 3781 668 3829 Vot.
683 3782 708 3828 11
725 3797 749 3842 p.
770 3785 827 3842 121,
846 3785 861 3830 2
915 3785 946 3830 16
965 3781 1086 3841 calliopen
1098 3781 1119 3827 P
1136 3796 1191 3828 corr
1201 3782 1257 3830 ldie.
1276 3783 1293 3831 i.
1307 3799 1333 3831 m

106 3872 214 3943 {lpootea
232 3873 318 3943 {qaam}
402 3875 460 3940 [sed]
479 3876 534 3922 coni
547 3873 572 3924 Σ
620 3879 650 3924 17
669 3875 780 3922 deiiceret
797 3877 866 3925 schol
884 3876 1027 3937 myth.Vat.
1075 3878 1106 3925 16
1124 3877 1222 3925 advena
1237 3879 1334 3924 aeoliP

106 3970 871 4034 01ιῐιγ11ι.1’01.111360121,69,01ογ111.1701.123
898 3984 952 4017 corr
969 3968 994 4019 Σ
1015 3966 1025 4035 ΙΙ
1046 3967 1106 4036 filio]
1123 3972 1239 4032 progenie
1263 3972 1332 4019 sehol

105 4067 183 4128 myth.
201 4065 258 4112 Vei.
311 4068 342 4113 19
360 4063 397 4112 Ac
413 4100 419 4111 .
433 4099 458 4111 ..
478 4064 652 4112 eornmendatua
669 4067 727 4112 secl.
745 4065 852 4113 Bursian
869 4065 915 4112 ΗΒ
933 4064 1040 4112 XCVIII
1058 4068 1106 4115 176
1125 4067 1180 4113 eoll.
1200 4066 1249 4113 sab.
1262 4065 1332 4125 XXI,

106 4135 150 4210 sed
168 4159 263 4207 invenit
280 4159 356 4220 myth.
375 4159 430 4206 Vat.
450 4161 465 4207 l.
479 4175 501 4208 e.
554 4161 586 4209 26
603 4160 728 4221 cylindrus
740 4161 760 4206 F
778 4174 833 4207 corr
844 4160 882 4206 Bu
901 4156 910 4226 {l
931 4159 1073 4207 cineratum
1088 4159 1246 4207 aecendmmt
1262 4161 1332 4210 schol

105 4256 182 4316 myth.
199 4254 250 4302 Vat
270 4250 280 4321 fl
302 4268 375 4300 enum
392 4255 413 4300 F
432 4270 487 4302 corr
504 4254 590 4302 Comm
643 4250 1331 4321 221606001οΣ100111000020001Μ10.1.οιι
1408 4248 1412 4253 ’
