3082 4950
799 225 860 292 118

215 379 409 444 munimento
440 380 609 459 conclusit3
644 379 694 444 cui
721 384 831 461 potum
861 384 957 462 atqua
983 379 1086 445 eibum
1109 378 1255 459 exiguum
1284 379 1447 461 praestari

215 489 326 569 iussit,
350 490 488 556 infantes
508 497 614 556 autern
637 490 713 556 feris
731 491 851 572 proiici.
881 491 933 572 qui
957 509 1027 555 cum
1043 489 1176 571 proiecti
1195 495 1317 572 essent,
1348 508 1448 557 vacca

216 601 339 666 lactens
357 601 504 667 veniebat
521 603 562 666 ad
583 601 723 668 infantes
745 608 778 667 et
794 602 892 667 ubera
909 600 1104 683 praestabat.
1127 603 1298 682 quodcum
1320 621 1448 668 arman-

216 712 291 776 tarii
313 713 469 778 vidissent
494 713 610 778 tollunt
637 731 691 778 eos
716 717 752 776 ut
774 713 955 777 educarent.
1008 712 1139 778 Interim
1162 713 1370 794 Metapontus
1391 734 1448 780 rex

187 820 336 888 ulcariae
360 842 379 888 a
400 823 533 905 coniuge
551 825 680 888 Theano
704 824 851 906 petebat,
873 828 909 887 ut
932 823 991 888 sibi
1013 823 1130 890 liberos
1152 831 1351 905 procrearet,
1375 826 1449 910 lalut

216 951 316 1014 regno
341 936 477 1000 cederet.
498 935 555 1000 illa
577 934 694 1000 timens
716 934 816 999 mittit
840 936 882 1000 ad
906 939 1054 1016 pastores
1072 941 1108 1000 ut
1131 935 1283 1002 infantem
1309 937 1448 1019 aliquem

218 1044 426 1126 explicarent,
457 1065 550 1127 quem
573 1048 642 1126 regi
667 1045 833 1111 subderat:
864 1045 917 1127 qui
937 1045 1094 1111 miserunt
1118 1048 1197 1112 duos
1218 1047 1378 1114 inventos:
1410 1067 1450 1114 ea

216 1155 284 1236 regi
300 1157 488 1238 Metaponto
510 1176 568 1239 pro
591 1156 658 1223 suis
675 1157 853 1238 supposuit.
881 1162 996 1238 postea
1017 1163 1123 1223 autem
1139 1158 1269 1223 Theano
1291 1177 1328 1223 ex
1345 1159 1449 1225 Meta·

217 1272 315 1347 ponto
340 1269 466 1349 peperit
487 1270 576 1334 duos.
605 1286 675 1334 cum
699 1272 804 1333 autem
822 1268 1028 1350 Metapontus
1045 1269 1168 1351 priores
1188 1270 1293 1336 valide
1315 1276 1450 1352 amaret,

167 1377 303 1459 quuod
322 1377 544 1445 formosissimi
560 1384 685 1460 essent,
714 1379 843 1445 Theano
860 1379 1033 1460 quaerebat
1055 1386 1090 1444 ut
1107 1398 1160 1444 eos
1179 1379 1309 1445 tolleret
1324 1385 1359 1446 et
1373 1381 1448 1448 filiis

218 1489 286 1554 suis
317 1509 448 1573 regnum
478 1494 628 1556 servaret.
679 1490 754 1555 Dies
784 1490 958 1555 advenerat
985 1498 1022 1555 nt
1046 1490 1250 1572 Metapontus
1276 1491 1378 1558 exiret
1406 1495 1449 1559 ad

217 1599 353 1666 Dianam
378 1603 630 1684 Metapontinam
661 1602 702 1666 ad
732 1618 858 1666 sacrum
880 1601 1069 1667 faciendum.
1120 1602 1250 1669 Theano
1279 1604 1450 1672 occasione

217 1717 313 1775 nacta
325 1712 445 1777 indicat
456 1712 530 1778 filiis
548 1712 615 1778 suis
632 1711 715 1777 eos*
733 1711 958 1794 suppositicios
970 1713 1093 1794 priores
1105 1732 1191 1793 esse3
1209 1714 1317 1795 itaque
1331 1732 1402 1779 curn
1416 1715 1449 1780 in

218 1821 433 1907 venationelml
453 1824 595 1905 exierint,
617 1843 673 1890 eos
690 1825 800 1890 cultris
817 1823 994 1889 interficite.
1014 1824 1061 1889 illi
1077 1831 1182 1890 autern
1197 1825 1309 1890 matris
1325 1825 1451 1891 monitu

169 1934 289 1999 laeum
307 1934 339 1998 in
361 1941 501 2000 montem
523 1936 673 2013 exissent,
695 1935 850 2016 praelium
872 1935 956 2000 inter
978 1954 1013 2000 se
1036 1936 1274 2001 commiserunt:
1296 1936 1451 2018 Neptuno

219 2051 325 2109 autern
349 2046 520 2110 adiuvante
535 2045 674 2128 Neptuni
695 2045 752 2110 filii
767 2045 910 2111 vicerunt
931 2051 964 2111 et
985 2065 1041 2112 eos
1056 2046 1290 2112 interfecerunt
1313 2065 1449 2127 quorum

219 2173 353 2238 corpora
375 2174 445 2221 cum
467 2157 499 2222 in
522 2157 658 2243 regialnrl
682 2157 781 2222 allata
803 2161 928 2238 essent,
949 2158 1079 2222 Theano
1101 2158 1202 2223 cultro
1224 2158 1390 2225 venatorio
1413 2177 1451 2225 se

218 2266 393 2343 interfecit,
415 2269 536 2333 ultores
554 2272 660 2333 autem
675 2269 816 2333 Boeotus
832 2271 865 2332 et
880 2268 999 2333 Aeolus
1022 2269 1063 2333 ad
1077 2272 1224 2350 pastores
1246 2269 1300 2334 ubi
1318 2269 1450 2335 educati

218 2383 310 2443 erant
331 2378 548 2461 confugerunt.
590 2379 639 2443 Ibi
661 2380 829 2461 Neptunus
852 2379 899 2443 eis
921 2378 1055 2459 indicat,
1084 2398 1123 2444 ex
1145 2398 1180 2446 se
1203 2399 1275 2445 esse
1297 2385 1392 2446 natos
1415 2386 1450 2447 et

166 2493 209 2558 20
219 2494 351 2553 matrem
374 2490 407 2555 in
430 2491 576 2556 custodia
591 2491 700 2556 teneri.
723 2490 776 2572 qui
799 2491 842 2555 ad
856 2490 1062 2556 Desmontem
1077 2495 1289 2572 pervenerunt
1311 2510 1449 2574 eumque

217 2600 445 2665 interfecerunt
473 2608 505 2666 et
527 2606 660 2668 matrem
688 2602 836 2666 custodia
857 2601 1047 2681 liberarunt;
1077 2601 1127 2666 cui
1148 2602 1317 2683 Neptunus
1338 2602 1449 2669 lumen

217 2710 311 2776 restit
334 2713 366 2776 't
390 2731 458 2777 eam
480 2712 537 2777 filii
552 2714 769 2794 perduxerunt
789 2713 820 2778 in
837 2712 972 2778 Icariam
987 2713 1029 2777 ad
1044 2712 1264 2794 Metapontum
1285 2732 1396 2796 regem
1416 2720 1450 2780 et

216 2822 359 2887 indicant
374 2823 403 2887 ei
417 2822 581 2904 perfidiam
600 2825 758 2888 Theanus.
780 2831 856 2904 post
872 2842 953 2905 quae
968 2823 1174 2904 Metapontus
1192 2824 1280 2889 duxit
1300 2825 1448 2908 coniugio

218 2933 420 3016 Melanippen
443 2952 561 3015 eosque
584 2934 644 2999 sibi
665 2933 748 2999 filios
771 2934 951 3015 adoptavit,
979 2934 1086 3016 quiin
1109 2935 1303 3017 Propontide
1325 2955 1365 3001 ex
1388 2956 1449 3003 suo

167 3045 344 3112 25nomine
366 3044 575 3109 condiderunt
596 3046 736 3111 Boeotus
758 3045 932 3111 Boeotiam·
946 3045 1063 3111 Aeolus
1086 3046 1238 3111 Aeoliam.

630 3240 869 3322 nonxxxvn
892 3241 993 3322 Alope
1025 3191 1068 3325 J<

259 3408 273 3449 c
301 3377 403 3458 Alope
426 3376 594 3460 Cercyonis
615 3376 682 3442 filia
702 3376 932 3443 formosissima
959 3395 1029 3442 cum
1052 3383 1154 3458 esset,
1183 3379 1352 3460 Neptunus
1377 3399 1450 3446 eam

218 3489 423 3570 compressit,
444 3507 507 3570 qua
522 3507 560 3553 ex
576 3490 810 3570 compressione
825 3489 949 3570 peperit
963 3488 1114 3554 infantem
1131 3507 1223 3570 quem
1238 3489 1337 3555 inscio
1353 3496 1451 3572 patre

219 3647 233 3692 5
252 3649 279 3691 nt
295 3645 316 3690 F
335 3641 393 3710 laist
408 3646 470 3691 luda
486 3646 608 3694 Bonutius
626 3649 650 3691 ct
667 3644 723 3690 Mic.
742 3645 757 3690 i.
777 3660 801 3691 rn
822 3641 832 3710 ΙΙ
855 3645 905 3690 nisi
921 3644 967 3691 sibi
981 3644 1067 3691 liberos
1082 3652 1222 3705 procrearat
1243 3653 1269 3692 aa
1285 3646 1377 3694 Nauck
1396 3651 1415 3696 1.
1428 3665 1450 3696 c.

217 3753 242 3799 p.
256 3741 305 3787 409
361 3742 390 3785 12
409 3739 558 3786 occasionem
575 3739 703 3787 Naucnius
757 3743 787 3788 13
805 3740 839 3786 eis
857 3739 1022 3800 suppositioios
1047 3740 1087 3785 vel
1104 3753 1144 3785 coa
1162 3740 1321 3801 sopporr‘aioiia
1340 3740 1392 3789 Soh
1411 3758 1452 3790 eos

212 3833 308 3894 priores
332 3833 497 3894 suppositioios
522 3835 639 3881 Barthius
663 3849 702 3880 cos
729 3831 764 3898 lec
791 3848 814 3880 se
838 3826 924 3900 natea}
952 3833 1118 3895 sapposr'tics'oa
1144 3834 1207 3880 coni.
1232 3834 1317 3895 Lange
1341 3850 1366 3896 p.
1383 3840 1451 3897 9,s

219 3925 322 3992 {lantque
338 3927 393 3974 coni
411 3925 436 3976 Σ
490 3931 521 3976 14
537 3929 684 3976 amariam
701 3929 818 3976 Barthius
840 3924 850 3993 ΙΙ
870 3929 964 3974 exirent
980 3929 1001 3974 F
1019 3927 1120 3974 scierint
1137 3927 1199 3975 Iuda
1216 3929 1337 3978 Bonutius
1350 3927 1362 3996 ΙΙ
1374 3933 1452 3981 inter-

217 4022 281 4069 ficite
298 4022 319 4067 F
336 4021 467 4081 inteficere
484 4021 547 4069 iubet
563 4023 620 4070 Mic.
638 4024 653 4070 i.
671 4038 697 4070 rn
713 4023 872 4082 interficerent
888 4023 942 4080 Mu,
967 4028 1054 4070 neutro
1072 4036 1134 4083 opus
1182 4024 1212 4070 17
1231 4024 1299 4084 regia
1317 4025 1453 4087 Propinas

216 4118 255 4162 Bu
309 4116 339 4164 18
357 4115 482 4164 boetusF
507 4115 601 4164 boeotos
617 4117 661 4163 Mn
713 4119 745 4165 25
763 4116 850 4164 boetus
867 4117 974 4164 boetiam
991 4118 1013 4163 N
1030 4131 1085 4164 corr
1102 4116 1145 4162 Mu
1164 4113 1175 4182 ΙΙ
1196 4122 1303 4166 osterum
1325 4120 1376 4167 hac
1394 4137 1452 4170 nar·

216 4212 311 4259 ratione
326 4214 496 4272 argumentum
514 4211 612 4259 fabulae
629 4211 744 4272 tragicae,
763 4211 875 4259 fortassis
887 4211 1040 4271 Melanippes
1053 4211 1196 4261 desmotidis
1213 4212 1372 4273 Euripidaae,
1392 4230 1452 4264 con·

217 4306 290 4353 tineri
312 4321 341 4353 ex
363 4305 447 4353 verbis
470 4306 549 4365 primo
572 4305 647 4366 capiti
671 4306 748 4355 illatis
772 4308 821 4354 ‘val
845 4311 872 4354 ut
896 4307 938 4353 alii
962 4311 1048 4366 poetae
1066 4307 1157 4355 dicunt’
1175 4312 1286 4368 apparet.
1310 4307 1342 4355 ef.
1360 4310 1452 4372 Lange

217 4415 241 4461 p.
256 4405 296 4448 21.
314 4403 346 4448 aa
