3082 4950
742 227 804 295 102

156 380 301 461 quendas
329 378 386 445 lilii
416 379 466 445 sni
488 379 669 445 Palamedis
691 379 832 446 iniurias.
864 381 973 462 itaque
995 385 1147 462 tanquam
1169 379 1323 446 auxilium
1346 380 1392 447 eis

157 490 301 570 afferret,
322 490 423 557 facem
447 491 613 557 ardentem
636 510 673 556 eo
695 493 765 557 loco
788 492 914 571 extulit,
943 510 1005 573 quo
1029 510 1107 557 saxa
1129 498 1224 557 acuta
1247 497 1281 556 et
1302 492 1392 559 locus

158 601 448 684 periculosissimus
478 606 556 669 erat.
586 602 635 668 illi
662 604 828 669 credentes
851 602 1061 668 humanitatis
1090 621 1188 669 causa
1215 602 1250 667 id
1271 601 1393 669 factum

159 731 258 779 naves
283 732 320 779 eo
337 714 508 779 duxerunt:
531 732 593 796 quo
615 712 700 779 facto
715 713 871 796 plurimae
893 732 1001 779 eorum
1018 713 1203 780 confractae
1219 718 1297 779 sunt
1313 713 1394 779 mili-

130 825 273 906 5tosque
302 824 429 906 plurimi
460 843 530 891 cum
563 824 697 890 ducibus
728 830 921 907 tempestate
953 824 1049 890 occisi
1082 830 1158 890 sunt
1186 826 1395 908 membraque

161 953 268 1002 eorum
292 955 362 1001 cum
377 936 556 1003 ,visceribus
580 937 620 1001 ad
644 955 722 1002 saxa
743 936 828 1001 illisa
850 942 941 1002 sunt:
965 937 992 1001 si
1015 936 1069 1018 qui
1091 941 1197 1002 autem
1217 941 1396 1019 potuerunt

161 1048 203 1113 ad
225 1052 343 1112 terram
365 1052 477 1112 natare
505 1066 525 1112 a
545 1047 684 1129 Nauplio
712 1047 992 1113 interficiebantur.
1035 1049 1080 1113 At
1101 1047 1251 1130 Ulyssem
1277 1054 1394 1115 uentus

162 1158 278 1225 detulit
293 1160 333 1225 ad
345 1159 518 1237 Maronem,
534 1157 716 1224 Menelaum
730 1158 762 1224 in
778 1162 973 1241 Aegyptum;
994 1160 1212 1240 Agamemnon
1227 1178 1302 1226 cum
1318 1160 1395 1226 cas-

163 1271 282 1336 sandra
304 1269 336 1335 in
358 1269 495 1351 patrium
517 1268 670 1351 pervenit.

588 1464 704 1533 CXVII
726 1465 960 1549 clytemnestra

114 1604 154 1671 10
247 1603 482 1686 clytemnestra
504 1603 663 1686 Tyndarei
690 1602 757 1668 filia
778 1602 1025 1684 Agamemnonis
1054 1621 1134 1667 uxor
1155 1622 1227 1668 eum
1249 1603 1397 1670 audisset

162 1715 203 1781 ab
219 1716 322 1781 Oeace
338 1715 518 1781 Palamedis
540 1714 649 1795 fratre,
671 1713 885 1781 Cassandram
909 1713 968 1779 sibi
987 1713 1132 1796 pellicem
1154 1715 1271 1781 adduci
1294 1717 1396 1798 (quod

164 1825 333 1891 curontitus
357 1833 423 1907 est,
453 1835 489 1891 ut
510 1826 618 1892 fratris
641 1825 772 1891 iniurias
796 1828 1037 1906 exequeretur),
1064 1831 1139 1890 tunc
1161 1825 1397 1908 clytemnestra

107 1950 116 1971 ·
164 1955 233 2002 cum
256 1937 410 2019 Aegistho
432 1937 497 2003 filio
520 1936 668 2019 Thyestis
691 1937 776 2018 cepit
798 1936 978 2017 consilium,
1007 1941 1043 2000 ut
1064 1938 1338 2019 Agamemnonem
1365 1944 1397 2005 et

163 2049 377 2115 cassandram
399 2047 606 2115 interficeret:
628 2066 721 2129 quem
743 2047 974 2113 sacrificantem
997 2047 1101 2113 securi
1122 2066 1191 2112 oum
1210 2048 1397 2116 cassandra

114 2159 396 2226 lbinterleeerunt.
441 2162 483 2225 At
505 2159 634 2224 Electra
655 2158 900 2240 Agamemnonis
927 2157 993 2224 lilia
1015 2161 1162 2224 Orestem
1188 2160 1322 2226 fratrem
1349 2162 1396 2227 in·

162 2269 280 2338 tantem
310 2271 456 2352 sustulit3
486 2289 578 2354 quem
608 2269 813 2335 demandavit
841 2268 874 2334 in
896 2269 1036 2334 Phocide
1059 2269 1224 2352 Strophio,
1255 2272 1307 2337 cui
1338 2272 1398 2338 luit

162 2383 345 2469 Astyochea
366 2381 611 2467 Agamemnonis
635 2400 726 2447 soror
747 2387 856 2462 nupta.

633 2578 765 2644 cXVIH
785 2577 921 2643 Proteus

207 2706 210 2711 ’
247 2719 285 2783 Iu
306 2721 454 2800 Aegypto
477 2717 612 2813 Proteus
635 2735 733 2781 senex
754 2715 895 2780 marinus
917 2713 1043 2778 divinus
1066 2713 1182 2779 dicitur
1202 2713 1320 2796 luisse,
1344 2715 1398 2798 qui

163 2830 196 2895 in
218 2848 327 2894 omnes
356 2848 390 2894 se
411 2828 533 2909 figuras
556 2832 738 2893 convertere
767 2825 881 2892 solitus
911 2831 989 2891 erat.
1019 2844 1112 2906 quem
1134 2825 1301 2892 Menelaus
1324 2829 1397 2893 Ido

112 2942 155 3007 20
163 2942 257 3006 these
277 2939 363 3004 filiae
385 2938 453 3003 eius
469 2937 591 3002 monitu
606 2942 719 3002 catena
733 2936 886 3017 alligavit,
908 2942 945 3001 ut
962 2935 1022 3001 sibi
1045 2936 1173 3018 diceret,
1196 2939 1326 3018 quando
1343 2940 1397 3005 do-

164 3070 248 3116 mum
270 3049 493 3132 repetitionem
508 3024 650 3113 haberet.
673 3066 765 3129 quem
779 3047 915 3113 Proteus
932 3047 1068 3128 edocuit,
1090 3031 1170 3113 iram
1185 3049 1320 3114 deorum
1342 3050 1395 3135 l⁰bl

164 3181 251 3243 esse,
281 3161 365 3243 quod
387 3159 483 3225 Troia
504 3165 592 3225 esset
614 3158 753 3239 devicta,
782 3158 918 3241 ideoque
945 3160 979 3224 id
1004 3158 1073 3224 fieri
1096 3158 1226 3240 debere,
1258 3159 1397 3242 quod**

164 3272 382 3356 [hecatomben
405 3289 518 3355 graece
540 3269 669 3352 dicitur,
697 3289 767 3336 cum
790 3275 916 3336 centum
939 3274 1084 3335 armenta
1105 3269 1313 3352 occiduntur]
1337 3271 1397 3337 ita·

164 3405 225 3468 que
239 3384 406 3451 Menelaus
428 3383 637 3448 hecatomben
659 3382 742 3449 fecit.
772 3375 991 3448 tunc'oemum
1013 3387 1088 3464 post
1107 3386 1254 3448 octavum
1277 3402 1396 3448 annum

112 3497 259 3579 anquam
281 3495 322 3561 ab
343 3495 403 3560 llio
425 3495 620 3560 discesserat
641 3512 712 3559 cum
734 3493 911 3559 Helenam
935 3493 1071 3576 patriam
1093 3492 1184 3558 redit.

232 3712 343 3774 Aloeus]
368 3726 452 3759 curras
470 3712 600 3771 Wopkens
624 3710 752 3771 scopulosi
777 3725 808 3757 an
833 3710 889 3757 litor
909 3708 1157 3770 pericrdosissimami
1214 3713 1230 3758 4
1254 3708 1396 3759 direxerant

163 3809 210 3856 Nic
227 3807 344 3855 Heinsius
397 3808 528 3853 tractore
546 3805 601 3853 coni
619 3803 644 3854 Σ
697 3805 901 3854 Smarathonem
918 3805 938 3850 F
957 3820 1011 3852 corr
1030 3804 1078 3851 Sch
1096 3804 1138 3850 Mu

232 3902 327 3950 CXVII
344 3900 511 3947 clitemnestra
528 3900 601 3948 index
653 3902 684 3948 11
705 3901 769 3960 qaod
785 3900 842 3946 olla?
900 3903 929 3948 13
948 3899 1067 3960 aegystho
1085 3899 1106 3944 ll
1124 3913 1178 3945 corr
1195 3897 1283 3945 comm
1303 3895 1315 3965 u
1336 3899 1396 3947 thie-

164 3998 208 4045 stis
226 3998 247 4042 Ρ
265 4010 319 4043 corr
338 3993 424 4041 Comm
477 3997 507 4042 17
526 3995 659 4056 astyoohea
676 3996 697 4041 F
715 3991 836 4053 Astyoche
854 3994 909 4041 coni
927 3995 965 4041 Bu
983 3990 1118 4052 Astyocbio
1136 3993 1206 4039 malit
1223 3993 1288 4041 alius

233 4094 264 4139 22
284 4103 338 4137 esso
356 4089 377 4134 F
394 4087 473 4135 obesse
490 4090 545 4136 coni
562 4085 588 4137 Σ
609 4084 619 4156 [Ι
640 4088 705 4148 qaod
723 4085 782 4152 leam
794 4088 873 4149 possit
885 4088 1004 4154 placaret.
1023 4087 1104 4146 stoque
1122 4087 1177 4134 coni
1195 4083 1228 4146 Σ,
1246 4089 1398 4148 glossemate

164 4187 196 4234 ad
215 4187 231 4232 l.
245 4188 278 4233 24
296 4184 392 4231 secluso
446 4184 477 4231 25
495 4183 567 4230 rediit
584 4184 634 4231 Soh
651 4186 743 4231 frustra
