<?xml version="1.0" encoding="UTF-8"?>
<!DOCTYPE html PUBLIC "-//W3C//DTD XHTML 1.0 Transitional//EN"
    "http://www.w3.org/TR/xhtml1/DTD/xhtml1-transitional.dtd">
<html xmlns="http://www.w3.org/1999/xhtml" xml:lang="en" lang="en">
 <head>
  <title>
</title>
<meta http-equiv="Content-Type" content="text/html;charset=utf-8" />
  <meta name='ocr-system' content='tesseract 3.04.00' />
  <meta name='ocr-capabilities' content='ocr_page ocr_carea ocr_par ocr_line ocrx_word'/>
</head>
<body>
  <div class='ocr_page' id='page_1' title='image "./hyginifabulae00hygigoog_0210.png"; bbox 0 0 3082 4950; ppageno 0'>
   <div class='ocr_carea' id='block_1_1' title="bbox 742 206 802 272">
    <p class='ocr_par' dir='ltr' id='par_1_1' title="bbox 742 206 802 272">
     <span class='ocr_line' id='line_1_1' title="bbox 742 206 802 272; baseline 0 0"><span class='ocrx_word' id='word_1_1' title='bbox 742 206 802 272; x_wconf 89' lang='grc'>149</span> 
     </span>
    </p>
   </div>
   <div class='ocr_carea' id='block_1_2' title="bbox 154 343 1386 774">
    <p class='ocr_par' dir='ltr' id='par_1_2' title="bbox 154 343 1386 774">
     <span class='ocr_line' id='line_1_2' title="bbox 156 343 1386 444; baseline -0.003 -19"><span class='ocrx_word' id='word_1_2' title='bbox 156 358 272 426; x_wconf 92' lang='lat' dir='ltr'>deinde</span> <span class='ocrx_word' id='word_1_3' title='bbox 287 365 494 426; x_wconf 82' lang='lat' dir='ltr'>certarunt</span> <span class='ocrx_word' id='word_1_4' title='bbox 510 361 664 444; x_wconf 88' lang='lat' dir='ltr'>sagitta</span> <span class='ocrx_word' id='word_1_5' title='bbox 678 361 866 444; x_wconf 86' lang='lat' dir='ltr'>Hippocoon</span> <span class='ocrx_word' id='word_1_6' title='bbox 878 343 1064 427; x_wconf 84' lang='lat' dir='ltr'>Mnestheus</span> <span class='ocrx_word' id='word_1_7' title='bbox 1076 359 1211 426; x_wconf 79' lang='lat' dir='ltr'><strong>Acestes</strong></span> <span class='ocrx_word' id='word_1_8' title='bbox 1222 356 1386 441; x_wconf 84' lang='lat' dir='ltr'>Eurytion,</span> 
     </span>
     <span class='ocr_line' id='line_1_3' title="bbox 157 470 1384 554; baseline -0.001 -18"><span class='ocrx_word' id='word_1_9' title='bbox 157 470 222 552; x_wconf 87' lang='lat' dir='ltr'>[qui</span> <span class='ocrx_word' id='word_1_10' title='bbox 243 471 367 553; x_wconf 89' lang='lat' dir='ltr'>accepit</span> <span class='ocrx_word' id='word_1_11' title='bbox 388 473 512 538; x_wconf 90' lang='lat' dir='ltr'>muneri</span> <span class='ocrx_word' id='word_1_12' title='bbox 540 472 676 554; x_wconf 85' lang='lat' dir='ltr'>galeam]</span> <span class='ocrx_word' id='word_1_13' title='bbox 699 473 803 554; x_wconf 82' lang='lat' dir='ltr'>†quia</span> <span class='ocrx_word' id='word_1_14' title='bbox 824 472 938 538; x_wconf 90' lang='lat' dir='ltr'>iudicis</span> <span class='ocrx_word' id='word_1_15' title='bbox 960 475 1091 554; x_wconf 90' lang='lat' dir='ltr'>propter</span> <span class='ocrx_word' id='word_1_16' title='bbox 1117 489 1226 537; x_wconf 93' lang='lat' dir='ltr'>omen</span> <span class='ocrx_word' id='word_1_17' title='bbox 1248 471 1384 546; x_wconf 79' lang='lat' dir='ltr'>Acestae</span> 
     </span>
     <span class='ocr_line' id='line_1_4' title="bbox 154 577 1386 668; baseline -0.002 -21"><span class='ocrx_word' id='word_1_18' title='bbox 154 583 352 648; x_wconf 90' lang='lat' dir='ltr'>honorem</span> <span class='ocrx_word' id='word_1_19' title='bbox 385 584 493 649; x_wconf 87' lang='lat' dir='ltr'>cessit.</span> <span class='ocrx_word' id='word_1_20' title='bbox 544 584 663 662; x_wconf 86' lang='lat' dir='ltr'>Quinto</span> <span class='ocrx_word' id='word_1_21' title='bbox 696 584 833 649; x_wconf 84' lang='lat' dir='ltr'>Ascanio</span> <span class='ocrx_word' id='word_1_22' title='bbox 868 603 966 668; x_wconf 90' lang='lat' dir='ltr'>puero</span> <span class='ocrx_word' id='word_1_23' title='bbox 1004 583 1084 649; x_wconf 91' lang='lat' dir='ltr'>duce</span> <span class='ocrx_word' id='word_1_24' title='bbox 1115 583 1262 648; x_wconf 87' lang='lat' dir='ltr'>luserunt</span> <span class='ocrx_word' id='word_1_25' title='bbox 1293 577 1386 663; x_wconf 90' lang='lat' dir='ltr'>pueri</span> 
     </span>
     <span class='ocr_line' id='line_1_5' title="bbox 154 692 332 774; baseline 0 -16"><span class='ocrx_word' id='word_1_26' title='bbox 154 692 332 774; x_wconf 85' lang='lat' dir='ltr'>Troiam]</span> 
     </span>
    </p>
   </div>
   <div class='ocr_carea' id='block_1_3' title="bbox 483 890 1045 974">
    <p class='ocr_par' dir='ltr' id='par_1_3' title="bbox 483 890 1045 974">
     <span class='ocr_line' id='line_1_6' title="bbox 483 890 1045 974; baseline -0.002 -17"><span class='ocrx_word' id='word_1_27' title='bbox 483 890 667 958; x_wconf 83' lang='lat' dir='ltr'>OOLXXIV</span> <span class='ocrx_word' id='word_1_28' title='bbox 689 892 767 971; x_wconf 83' lang='lat' dir='ltr'>Quis</span> <span class='ocrx_word' id='word_1_29' title='bbox 790 891 866 974; x_wconf 91' lang='lat' dir='ltr'>quid</span> <span class='ocrx_word' id='word_1_30' title='bbox 887 890 1045 957; x_wconf 86' lang='lat' dir='ltr'>invenerit</span> 
     </span>
    </p>
   </div>
   <div class='ocr_carea' id='block_1_4' title="bbox 83 1024 1516 2668">
    <p class='ocr_par' dir='ltr' id='par_1_4' title="bbox 151 1024 1411 1335">
     <span class='ocr_line' id='line_1_7' title="bbox 238 1024 1411 1094; baseline -0.002 -2"><span class='ocrx_word' id='word_1_31' title='bbox 238 1025 445 1093; x_wconf 86' lang='lat' dir='ltr'>***nomine</span> <span class='ocrx_word' id='word_1_32' title='bbox 474 1028 611 1094; x_wconf 83' lang='lat' dir='ltr'>Cerasus</span> <span class='ocrx_word' id='word_1_33' title='bbox 641 1028 748 1094; x_wconf 88' lang='lat' dir='ltr'>vinum</span> <span class='ocrx_word' id='word_1_34' title='bbox 775 1046 845 1093; x_wconf 91' lang='lat' dir='ltr'>cum</span> <span class='ocrx_word' id='word_1_35' title='bbox 871 1027 1012 1093; x_wconf 88' lang='lat' dir='ltr'>Acheloo</span> <span class='ocrx_word' id='word_1_36' title='bbox 1042 1026 1170 1092; x_wconf 84' lang='lat' dir='ltr'>domiue</span> <span class='ocrx_word' id='word_1_37' title='bbox 1197 1026 1230 1091; x_wconf 87' lang='lat' dir='ltr'>iu</span> <span class='ocrx_word' id='word_1_38' title='bbox 1256 1024 1411 1091; x_wconf 83' lang='lat' dir='ltr'>Aetoliab</span> 
     </span>
     <span class='ocr_line' id='line_1_8' title="bbox 152 1135 1382 1226; baseline 0 -24"><span class='ocrx_word' id='word_1_39' title='bbox 152 1137 290 1220; x_wconf 82' lang='lat' dir='ltr'>miscuit,</span> <span class='ocrx_word' id='word_1_40' title='bbox 310 1140 396 1206; x_wconf 86' lang='lat' dir='ltr'>unde</span> <span class='ocrx_word' id='word_1_41' title='bbox 417 1139 551 1205; x_wconf 84' lang='lat' dir='ltr'>miscere</span> <span class='ocrx_word' id='word_1_42' title='bbox 571 1135 707 1226; x_wconf 71' lang='grc' dir='ltr'>κεράσαι</span> <span class='ocrx_word' id='word_1_43' title='bbox 730 1145 781 1206; x_wconf 90' lang='lat' dir='ltr'>est</span> <span class='ocrx_word' id='word_1_44' title='bbox 802 1139 929 1204; x_wconf 90' lang='lat' dir='ltr'>dictum.</span> <span class='ocrx_word' id='word_1_45' title='bbox 953 1138 1075 1221; x_wconf 81' lang='lat' dir='ltr'>antiqui</span> <span class='ocrx_word' id='word_1_46' title='bbox 1097 1142 1203 1203; x_wconf 87' lang='lat' dir='ltr'>autem</span> <span class='ocrx_word' id='word_1_47' title='bbox 1225 1136 1327 1202; x_wconf 90' lang='lat' dir='ltr'>nostri</span> <span class='ocrx_word' id='word_1_48' title='bbox 1348 1135 1382 1202; x_wconf 90' lang='lat' dir='ltr'>in</span> 
     </span>
     <span class='ocr_line' id='line_1_9' title="bbox 151 1248 1383 1335; baseline -0.001 -21"><span class='ocrx_word' id='word_1_49' title='bbox 151 1248 243 1314; x_wconf 90' lang='lat' dir='ltr'>lectis</span> <span class='ocrx_word' id='word_1_50' title='bbox 261 1249 504 1335; x_wconf 73' lang='lat' dir='ltr'>triclinlilaribus</span> <span class='ocrx_word' id='word_1_51' title='bbox 519 1251 551 1315; x_wconf 92' lang='lat' dir='ltr'>in</span> <span class='ocrx_word' id='word_1_52' title='bbox 567 1250 677 1317; x_wconf 85' lang='lat' dir='ltr'>fulcris</span> <span class='ocrx_word' id='word_1_53' title='bbox 692 1251 800 1333; x_wconf 88' lang='lat' dir='ltr'>capita</span> <span class='ocrx_word' id='word_1_54' title='bbox 815 1251 1017 1329; x_wconf 60' lang='lat' dir='ltr'>&#39;sacellorum</span> <span class='ocrx_word' id='word_1_55' title='bbox 1034 1249 1099 1315; x_wconf 87' lang='lat' dir='ltr'>vite</span> <span class='ocrx_word' id='word_1_56' title='bbox 1114 1249 1247 1332; x_wconf 88' lang='lat' dir='ltr'>alligata</span> <span class='ocrx_word' id='word_1_57' title='bbox 1262 1248 1383 1314; x_wconf 87' lang='lat' dir='ltr'>habue-</span> 
     </span>
    </p>

    <p class='ocr_par' dir='ltr' id='par_1_5' title="bbox 83 1360 1516 2668">
     <span class='ocr_line' id='line_1_10' title="bbox 83 1360 1382 1444; baseline -0.002 -19"><span class='ocrx_word' id='word_1_58' title='bbox 83 1436 90 1441; x_wconf 93' lang='lat'>..</span> <span class='ocrx_word' id='word_1_59' title='bbox 151 1366 226 1426; x_wconf 92' lang='lat' dir='ltr'>runt</span> <span class='ocrx_word' id='word_1_60' title='bbox 257 1360 473 1444; x_wconf 87' lang='lat' dir='ltr'>significantes</span> <span class='ocrx_word' id='word_1_61' title='bbox 503 1363 695 1429; x_wconf 75' lang='lat' dir='ltr'>suadtatem</span> <span class='ocrx_word' id='word_1_62' title='bbox 724 1363 853 1427; x_wconf 84' lang='lat' dir='ltr'>inventi.</span> <span class='ocrx_word' id='word_1_63' title='bbox 887 1366 994 1444; x_wconf 89' lang='lat' dir='ltr'>[caper</span> <span class='ocrx_word' id='word_1_64' title='bbox 1023 1366 1130 1427; x_wconf 88' lang='lat' dir='ltr'>cutem</span> <span class='ocrx_word' id='word_1_65' title='bbox 1161 1361 1255 1425; x_wconf 79' lang='lat' dir='ltr'>vilem</span> <span class='ocrx_word' id='word_1_66' title='bbox 1286 1378 1382 1441; x_wconf 86' lang='lat' dir='ltr'>qnam</span> 
     </span>
     <span class='ocr_line' id='line_1_11' title="bbox 150 1460 1381 1557; baseline -0.002 -20"><span class='ocrx_word' id='word_1_67' title='bbox 150 1478 354 1555; x_wconf 84' lang='lat' dir='ltr'>praeroserat</span> <span class='ocrx_word' id='word_1_68' title='bbox 380 1473 506 1555; x_wconf 86' lang='lat' dir='ltr'>plenius</span> <span class='ocrx_word' id='word_1_69' title='bbox 535 1460 675 1540; x_wconf 87' lang='lat' dir='ltr'>fructum</span> <span class='ocrx_word' id='word_1_70' title='bbox 699 1474 846 1557; x_wconf 89' lang='lat' dir='ltr'>protulit,</span> <span class='ocrx_word' id='word_1_71' title='bbox 875 1473 960 1537; x_wconf 87' lang='lat' dir='ltr'>unde</span> <span class='ocrx_word' id='word_1_72' title='bbox 989 1473 1084 1539; x_wconf 83' lang='lat' dir='ltr'>etiam</span> <span class='ocrx_word' id='word_1_73' title='bbox 1113 1471 1313 1554; x_wconf 87' lang='lat' dir='ltr'>putationem</span> <span class='ocrx_word' id='word_1_74' title='bbox 1334 1471 1381 1535; x_wconf 91' lang='lat' dir='ltr'>in·</span> 
     </span>
     <span class='ocr_line' id='line_1_12' title="bbox 150 1580 1432 1675; baseline -0.002 -27"><span class='ocrx_word' id='word_1_75' title='bbox 150 1589 324 1665; x_wconf 82' lang='lat' dir='ltr'>venerunt]</span> <span class='ocrx_word' id='word_1_76' title='bbox 373 1583 594 1650; x_wconf 80' lang='lat' dir='ltr'>Pelethronios</span> <span class='ocrx_word' id='word_1_77' title='bbox 622 1585 729 1650; x_wconf 81' lang='lat' dir='ltr'>frenos</span> <span class='ocrx_word' id='word_1_78' title='bbox 758 1591 791 1650; x_wconf 90' lang='lat' dir='ltr'>et</span> <span class='ocrx_word' id='word_1_79' title='bbox 820 1588 957 1650; x_wconf 88' lang='lat' dir='ltr'>stratum</span> <span class='ocrx_word' id='word_1_80' title='bbox 985 1584 1075 1675; x_wconf 54' lang='lat' dir='ltr'>eug-i}</span> <span class='ocrx_word' id='word_1_81' title='bbox 1103 1583 1223 1665; x_wconf 88' lang='lat' dir='ltr'>primus</span> <span class='ocrx_word' id='word_1_82' title='bbox 1251 1581 1380 1648; x_wconf 85' lang='lat' dir='ltr'>invenit.</span> <span class='ocrx_word' id='word_1_83' title='bbox 1391 1580 1432 1646; x_wconf 91' lang='lat'>10</span> 
     </span>
     <span class='ocr_line' id='line_1_13' title="bbox 150 1690 1380 1780; baseline -0.001 -21"><span class='ocrx_word' id='word_1_84' title='bbox 150 1695 270 1760; x_wconf 90' lang='lat' dir='ltr'>Belone</span> <span class='ocrx_word' id='word_1_85' title='bbox 284 1694 387 1777; x_wconf 86' lang='lat' dir='ltr'>prima</span> <span class='ocrx_word' id='word_1_86' title='bbox 403 1714 494 1760; x_wconf 89' lang='lat' dir='ltr'>acum</span> <span class='ocrx_word' id='word_1_87' title='bbox 509 1697 637 1778; x_wconf 89' lang='lat' dir='ltr'>reperit,</span> <span class='ocrx_word' id='word_1_88' title='bbox 659 1715 741 1778; x_wconf 90' lang='lat' dir='ltr'>quae</span> <span class='ocrx_word' id='word_1_89' title='bbox 760 1714 874 1778; x_wconf 84' lang='lat' dir='ltr'>graece</span> <span class='ocrx_word' id='word_1_90' title='bbox 891 1690 1006 1780; x_wconf 74' lang='grc' dir='ltr'><strong><em>βελόνη</em></strong></span> <span class='ocrx_word' id='word_1_91' title='bbox 1022 1694 1209 1777; x_wconf 88' lang='lat' dir='ltr'>appellatur.</span> <span class='ocrx_word' id='word_1_92' title='bbox 1241 1694 1380 1760; x_wconf 84' lang='lat' dir='ltr'>Cadmus</span> 
     </span>
     <span class='ocr_line' id='line_1_14' title="bbox 152 1803 1380 1890; baseline -0.002 -19"><span class='ocrx_word' id='word_1_93' title='bbox 152 1807 309 1888; x_wconf 83' lang='lat' dir='ltr'>Agenoris</span> <span class='ocrx_word' id='word_1_94' title='bbox 330 1805 416 1871; x_wconf 90' lang='lat' dir='ltr'>filius</span> <span class='ocrx_word' id='word_1_95' title='bbox 439 1825 494 1872; x_wconf 84' lang='lat' dir='ltr'>aes</span> <span class='ocrx_word' id='word_1_96' title='bbox 512 1807 629 1873; x_wconf 84' lang='lat' dir='ltr'>Thebis</span> <span class='ocrx_word' id='word_1_97' title='bbox 645 1808 766 1890; x_wconf 89' lang='lat' dir='ltr'>primus</span> <span class='ocrx_word' id='word_1_98' title='bbox 785 1807 947 1872; x_wconf 86' lang='lat' dir='ltr'>inventum</span> <span class='ocrx_word' id='word_1_99' title='bbox 966 1806 1122 1886; x_wconf 91' lang='lat' dir='ltr'>condidit;</span> <span class='ocrx_word' id='word_1_100' title='bbox 1145 1805 1277 1882; x_wconf 88' lang='lat' dir='ltr'>†Sacus</span> <span class='ocrx_word' id='word_1_101' title='bbox 1295 1803 1380 1869; x_wconf 87' lang='lat' dir='ltr'>lovis</span> 
     </span>
     <span class='ocr_line' id='line_1_15' title="bbox 149 1916 1380 1999; baseline 0 -17"><span class='ocrx_word' id='word_1_102' title='bbox 149 1916 234 1983; x_wconf 88' lang='lat' dir='ltr'>filius</span> <span class='ocrx_word' id='word_1_103' title='bbox 263 1916 297 1982; x_wconf 91' lang='lat' dir='ltr'>in</span> <span class='ocrx_word' id='word_1_104' title='bbox 319 1917 480 1983; x_wconf 83' lang='lat' dir='ltr'>Panchaia</span> <span class='ocrx_word' id='word_1_105' title='bbox 502 1919 534 1983; x_wconf 92' lang='lat' dir='ltr'>in</span> <span class='ocrx_word' id='word_1_106' title='bbox 557 1922 666 1984; x_wconf 91' lang='lat' dir='ltr'>monte</span> <span class='ocrx_word' id='word_1_107' title='bbox 688 1920 772 1984; x_wconf 88' lang='lat' dir='ltr'>Taso</span> <span class='ocrx_word' id='word_1_108' title='bbox 803 1937 914 1984; x_wconf 90' lang='lat' dir='ltr'>aurum</span> <span class='ocrx_word' id='word_1_109' title='bbox 939 1918 1061 1999; x_wconf 90' lang='lat' dir='ltr'>primus</span> <span class='ocrx_word' id='word_1_110' title='bbox 1083 1916 1220 1996; x_wconf 89' lang='lat' dir='ltr'>invenit;</span> <span class='ocrx_word' id='word_1_111' title='bbox 1250 1917 1380 1994; x_wconf 72' lang='lat' dir='ltr'>tlndus</span> 
     </span>
     <span class='ocr_line' id='line_1_16' title="bbox 150 2027 1480 2124; baseline -0.001 -31"><span class='ocrx_word' id='word_1_112' title='bbox 150 2047 206 2094; x_wconf 87' lang='lat' dir='ltr'>rex</span> <span class='ocrx_word' id='word_1_113' title='bbox 226 2028 259 2092; x_wconf 93' lang='lat' dir='ltr'>in</span> <span class='ocrx_word' id='word_1_114' title='bbox 278 2028 408 2112; x_wconf 89' lang='lat' dir='ltr'>Scythia</span> <span class='ocrx_word' id='word_1_115' title='bbox 424 2033 590 2112; x_wconf 90' lang='lat' dir='ltr'>argentum</span> <span class='ocrx_word' id='word_1_116' title='bbox 612 2030 734 2112; x_wconf 90' lang='lat' dir='ltr'>primus</span> <span class='ocrx_word' id='word_1_117' title='bbox 750 2031 871 2095; x_wconf 88' lang='lat' dir='ltr'>invenit</span> <span class='ocrx_word' id='word_1_118' title='bbox 893 2030 979 2112; x_wconf 92' lang='lat' dir='ltr'>quod</span> <span class='ocrx_word' id='word_1_119' title='bbox 992 2027 1219 2095; x_wconf 87' lang='lat' dir='ltr'>Erichthonius</span> <span class='ocrx_word' id='word_1_120' title='bbox 1235 2027 1381 2092; x_wconf 87' lang='lat' dir='ltr'>Athenas</span> <span class='ocrx_word' id='word_1_121' title='bbox 1475 2113 1480 2124; x_wconf 92' lang='lat'>.</span> 
     </span>
     <span class='ocr_line' id='line_1_17' title="bbox 150 2139 1516 2224; baseline -0.001 -20"><span class='ocrx_word' id='word_1_122' title='bbox 150 2139 288 2222; x_wconf 90' lang='lat' dir='ltr'>primum</span> <span class='ocrx_word' id='word_1_123' title='bbox 311 2140 419 2205; x_wconf 87' lang='lat' dir='ltr'>attulit</span> <span class='ocrx_word' id='word_1_124' title='bbox 441 2141 544 2221; x_wconf 84' lang='lat' dir='ltr'>[Elide</span> <span class='ocrx_word' id='word_1_125' title='bbox 559 2160 640 2224; x_wconf 91' lang='lat' dir='ltr'>quae</span> <span class='ocrx_word' id='word_1_126' title='bbox 656 2141 732 2207; x_wconf 88' lang='lat' dir='ltr'>urbs</span> <span class='ocrx_word' id='word_1_127' title='bbox 748 2147 798 2207; x_wconf 91' lang='lat' dir='ltr'>est</span> <span class='ocrx_word' id='word_1_128' title='bbox 818 2141 851 2206; x_wconf 92' lang='lat' dir='ltr'>in</span> <span class='ocrx_word' id='word_1_129' title='bbox 868 2140 1087 2222; x_wconf 87' lang='lat' dir='ltr'>Peloponneso</span> <span class='ocrx_word' id='word_1_130' title='bbox 1110 2139 1283 2205; x_wconf 85' lang='lat' dir='ltr'>certamina</span> <span class='ocrx_word' id='word_1_131' title='bbox 1304 2156 1381 2220; x_wconf 89' lang='lat' dir='ltr'>qua·</span> <span class='ocrx_word' id='word_1_132' title='bbox 1390 2143 1431 2211; x_wconf 86' lang='lat'>15</span> <span class='ocrx_word' id='word_1_133' title='bbox 1514 2142 1516 2147; x_wconf 85' lang='lat'>&#39;</span> 
     </span>
     <span class='ocr_line' id='line_1_18' title="bbox 152 2249 1381 2335; baseline -0.002 -18"><span class='ocrx_word' id='word_1_134' title='bbox 152 2251 315 2333; x_wconf 84' lang='lat' dir='ltr'>drigarum</span> <span class='ocrx_word' id='word_1_135' title='bbox 336 2251 471 2335; x_wconf 84' lang='lat' dir='ltr'>primurn</span> <span class='ocrx_word' id='word_1_136' title='bbox 493 2251 642 2317; x_wconf 89' lang='lat' dir='ltr'>instituta</span> <span class='ocrx_word' id='word_1_137' title='bbox 669 2257 772 2333; x_wconf 86' lang='lat' dir='ltr'>sunt];</span> <span class='ocrx_word' id='word_1_138' title='bbox 802 2252 907 2317; x_wconf 89' lang='lat' dir='ltr'>Midas</span> <span class='ocrx_word' id='word_1_139' title='bbox 935 2271 991 2316; x_wconf 87' lang='lat' dir='ltr'>rex</span> <span class='ocrx_word' id='word_1_140' title='bbox 1013 2251 1147 2334; x_wconf 84' lang='lat' dir='ltr'>Cybeles</span> <span class='ocrx_word' id='word_1_141' title='bbox 1167 2249 1252 2317; x_wconf 90' lang='lat' dir='ltr'>filius</span> <span class='ocrx_word' id='word_1_142' title='bbox 1274 2249 1381 2330; x_wconf 83' lang='lat' dir='ltr'>Phryx</span> 
     </span>
     <span class='ocr_line' id='line_1_19' title="bbox 149 2361 1379 2447; baseline 0.001 -21"><span class='ocrx_word' id='word_1_143' title='bbox 149 2361 313 2443; x_wconf 91' lang='lat' dir='ltr'>plumbum</span> <span class='ocrx_word' id='word_1_144' title='bbox 339 2361 446 2427; x_wconf 84' lang='lat' dir='ltr'>album</span> <span class='ocrx_word' id='word_1_145' title='bbox 474 2368 507 2428; x_wconf 90' lang='lat' dir='ltr'>et</span> <span class='ocrx_word' id='word_1_146' title='bbox 535 2364 661 2446; x_wconf 91' lang='lat' dir='ltr'>nigrum</span> <span class='ocrx_word' id='word_1_147' title='bbox 686 2363 808 2447; x_wconf 90' lang='lat' dir='ltr'>primus</span> <span class='ocrx_word' id='word_1_148' title='bbox 836 2362 965 2428; x_wconf 88' lang='lat' dir='ltr'>invenit.</span> <span class='ocrx_word' id='word_1_149' title='bbox 1008 2363 1151 2428; x_wconf 86' lang='lat' dir='ltr'>Arcades</span> <span class='ocrx_word' id='word_1_150' title='bbox 1180 2380 1231 2427; x_wconf 89' lang='lat' dir='ltr'>res</span> <span class='ocrx_word' id='word_1_151' title='bbox 1254 2361 1379 2427; x_wconf 81' lang='lat' dir='ltr'>diuinas</span> 
     </span>
     <span class='ocr_line' id='line_1_20' title="bbox 149 2471 1380 2575; baseline 0.002 -38"><span class='ocrx_word' id='word_1_152' title='bbox 149 2472 243 2555; x_wconf 89' lang='lat' dir='ltr'>primi</span> <span class='ocrx_word' id='word_1_153' title='bbox 260 2472 327 2565; x_wconf 71' lang='lat' dir='ltr'>diis</span> <span class='ocrx_word' id='word_1_154' title='bbox 351 2471 503 2538; x_wconf 87' lang='lat' dir='ltr'>fecerunt.</span> <span class='ocrx_word' id='word_1_155' title='bbox 553 2474 738 2540; x_wconf 89' lang='lat' dir='ltr'>Phoroneus</span> <span class='ocrx_word' id='word_1_156' title='bbox 767 2474 876 2539; x_wconf 88' lang='lat' dir='ltr'>Inachi</span> <span class='ocrx_word' id='word_1_157' title='bbox 901 2473 985 2539; x_wconf 91' lang='lat' dir='ltr'>filius</span> <span class='ocrx_word' id='word_1_158' title='bbox 1009 2492 1098 2539; x_wconf 84' lang='lat' dir='ltr'>arma</span> <span class='ocrx_word' id='word_1_159' title='bbox 1121 2473 1234 2575; x_wconf 61' lang='lat' dir='ltr'>1in</span> <span class='ocrx_word' id='word_1_160' title='bbox 1258 2473 1380 2556; x_wconf 89' lang='lat' dir='ltr'>primus</span> 
     </span>
     <span class='ocr_line' id='line_1_21' title="bbox 149 2582 1379 2668; baseline 0.001 -18"><span class='ocrx_word' id='word_1_161' title='bbox 149 2583 240 2663; x_wconf 79' lang='lat' dir='ltr'>iecit,</span> <span class='ocrx_word' id='word_1_162' title='bbox 272 2582 326 2665; x_wconf 91' lang='lat' dir='ltr'>qui</span> <span class='ocrx_word' id='word_1_163' title='bbox 356 2583 395 2649; x_wconf 94' lang='lat' dir='ltr'>ob</span> <span class='ocrx_word' id='word_1_164' title='bbox 427 2602 496 2649; x_wconf 87' lang='lat' dir='ltr'>eam</span> <span class='ocrx_word' id='word_1_165' title='bbox 528 2604 674 2651; x_wconf 78' lang='lat' dir='ltr'>caussam</span> <span class='ocrx_word' id='word_1_166' title='bbox 703 2585 826 2668; x_wconf 84' lang='lat' dir='ltr'>primus</span> <span class='ocrx_word' id='word_1_167' title='bbox 855 2585 1010 2667; x_wconf 87' lang='lat' dir='ltr'>regnandi</span> <span class='ocrx_word' id='word_1_168' title='bbox 1040 2589 1231 2667; x_wconf 88' lang='lat' dir='ltr'>potestatem</span> <span class='ocrx_word' id='word_1_169' title='bbox 1259 2584 1379 2651; x_wconf 89' lang='lat' dir='ltr'>habuit.</span> 
     </span>
    </p>
   </div>
   <div class='ocr_carea' id='block_1_5' title="bbox 148 2782 1380 4453">
    <p class='ocr_par' dir='ltr' id='par_1_6' title="bbox 149 2782 1380 3035">
     <span class='ocr_line' id='line_1_22' title="bbox 150 2782 1380 2846; baseline 0.002 -16"><span class='ocrx_word' id='word_1_170' title='bbox 150 2785 163 2830; x_wconf 92' lang='lat'>1</span> <span class='ocrx_word' id='word_1_171' title='bbox 183 2783 368 2844; x_wconf 74' lang='lat' dir='ltr'>hyppocoonI&#39;</span> <span class='ocrx_word' id='word_1_172' title='bbox 391 2797 430 2830; x_wconf 86' lang='lat' dir='ltr'>em</span> <span class='ocrx_word' id='word_1_173' title='bbox 448 2782 534 2831; x_wconf 84' lang='lat' dir='ltr'>Oomm</span> <span class='ocrx_word' id='word_1_174' title='bbox 594 2785 685 2846; x_wconf 81' lang='lat' dir='ltr'>2quia</span> <span class='ocrx_word' id='word_1_175' title='bbox 707 2784 854 2833; x_wconf 58' lang='lat' dir='ltr'>iumenta*</span> <span class='ocrx_word' id='word_1_176' title='bbox 878 2784 936 2844; x_wconf 77' lang='lat' dir='ltr'>qnia</span> <span class='ocrx_word' id='word_1_177' title='bbox 958 2783 1048 2831; x_wconf 77' lang='lat' dir='ltr'>indicio</span> <span class='ocrx_word' id='word_1_178' title='bbox 1066 2782 1114 2831; x_wconf 79' lang='lat' dir='ltr'>son</span> <span class='ocrx_word' id='word_1_179' title='bbox 1136 2783 1194 2844; x_wconf 73' lang='lat' dir='ltr'>qnia</span> <span class='ocrx_word' id='word_1_180' title='bbox 1215 2784 1321 2844; x_wconf 78' lang='lat' dir='ltr'>auspicii</span> <span class='ocrx_word' id='word_1_181' title='bbox 1336 2784 1380 2832; x_wconf 82' lang='lat' dir='ltr'>Mu</span> 
     </span>
     <span class='ocr_line' id='line_1_23' title="bbox 149 2873 1379 2944; baseline 0.002 -20"><span class='ocrx_word' id='word_1_182' title='bbox 149 2876 192 2938; x_wconf 75' lang='lat' dir='ltr'>qni</span> <span class='ocrx_word' id='word_1_183' title='bbox 207 2877 335 2924; x_wconf 75' lang='lat' dir='ltr'>arundinis</span> <span class='ocrx_word' id='word_1_184' title='bbox 353 2875 378 2927; x_wconf 83' lang='grc' dir='ltr'>Σ</span> <span class='ocrx_word' id='word_1_185' title='bbox 397 2873 407 2944; x_wconf 78' lang='grc' dir='ltr'>[Ι</span> <span class='ocrx_word' id='word_1_186' title='bbox 427 2893 499 2926; x_wconf 88' lang='lat' dir='ltr'>omne</span> <span class='ocrx_word' id='word_1_187' title='bbox 517 2880 537 2925; x_wconf 82' lang='lat' dir='ltr'><strong>F</strong></span> <span class='ocrx_word' id='word_1_188' title='bbox 555 2895 621 2927; x_wconf 84' lang='lat' dir='ltr'>omen</span> <span class='ocrx_word' id='word_1_189' title='bbox 638 2880 701 2928; x_wconf 83' lang='lat' dir='ltr'>Iuda</span> <span class='ocrx_word' id='word_1_190' title='bbox 718 2881 838 2928; x_wconf 87' lang='lat' dir='ltr'>Bouutius</span> <span class='ocrx_word' id='word_1_191' title='bbox 862 2879 904 2939; x_wconf 79' lang='lat' dir='ltr'>qni</span> <span class='ocrx_word' id='word_1_192' title='bbox 922 2886 1024 2940; x_wconf 83' lang='lat' dir='ltr'>propter</span> <span class='ocrx_word' id='word_1_193' title='bbox 1041 2893 1108 2926; x_wconf 79' lang='lat' dir='ltr'>omen</span> <span class='ocrx_word' id='word_1_194' title='bbox 1126 2878 1234 2925; x_wconf 68' lang='lat' dir='ltr'>urticantis</span> <span class='ocrx_word' id='word_1_195' title='bbox 1252 2878 1379 2927; x_wconf 76' lang='lat' dir='ltr'>arundinis</span> 
     </span>
     <span class='ocr_line' id='line_1_24' title="bbox 149 2969 1087 3035; baseline 0.001 -15"><span class='ocrx_word' id='word_1_196' title='bbox 149 2972 220 3020; x_wconf 84' lang='lat' dir='ltr'>malit</span> <span class='ocrx_word' id='word_1_197' title='bbox 237 2969 262 3021; x_wconf 85' lang='grc' dir='ltr'>Σ</span> <span class='ocrx_word' id='word_1_198' title='bbox 284 2983 287 2990; x_wconf 81' lang='grc'><strong>“</strong></span> <span class='ocrx_word' id='word_1_199' title='bbox 315 2973 438 3021; x_wconf 77' lang='lat' dir='ltr'>Itroiani</span> <span class='ocrx_word' id='word_1_200' title='bbox 456 2975 476 3019; x_wconf 78' lang='lat' dir='ltr'>F</span> <span class='ocrx_word' id='word_1_201' title='bbox 495 2989 550 3022; x_wconf 88' lang='lat' dir='ltr'>corr</span> <span class='ocrx_word' id='word_1_202' title='bbox 568 2974 704 3023; x_wconf 80' lang='lat' dir='ltr'>Salmasius</span> <span class='ocrx_word' id='word_1_203' title='bbox 721 2975 738 3021; x_wconf 91' lang='lat' dir='ltr'>i.</span> <span class='ocrx_word' id='word_1_204' title='bbox 755 2989 780 3021; x_wconf 92' lang='lat' dir='ltr'>m</span> <span class='ocrx_word' id='word_1_205' title='bbox 798 2989 811 3022; x_wconf 88' lang='lat' dir='ltr'>e</span> <span class='ocrx_word' id='word_1_206' title='bbox 830 2974 898 3035; x_wconf 85' lang='lat' dir='ltr'>Virg.</span> <span class='ocrx_word' id='word_1_207' title='bbox 917 2975 978 3022; x_wconf 79' lang='lat' dir='ltr'>dan.</span> <span class='ocrx_word' id='word_1_208' title='bbox 997 2973 1021 3019; x_wconf 92' lang='lat' dir='ltr'>V</span> <span class='ocrx_word' id='word_1_209' title='bbox 1039 2973 1087 3022; x_wconf 81' lang='lat'>602</span> 
     </span>
    </p>

    <p class='ocr_par' dir='ltr' id='par_1_7' title="bbox 148 3067 1380 4453">
     <span class='ocr_line' id='line_1_25' title="bbox 219 3067 1380 3132; baseline 0.002 -17"><span class='ocrx_word' id='word_1_210' title='bbox 219 3069 365 3115; x_wconf 76' lang='lat' dir='ltr'>boaressus</span> <span class='ocrx_word' id='word_1_211' title='bbox 382 3067 404 3114; x_wconf 71' lang='lat' dir='ltr'>I*</span> <span class='ocrx_word' id='word_1_212' title='bbox 421 3082 476 3115; x_wconf 88' lang='lat' dir='ltr'>corr</span> <span class='ocrx_word' id='word_1_213' title='bbox 494 3068 543 3116; x_wconf 85' lang='lat' dir='ltr'>Sch</span> <span class='ocrx_word' id='word_1_214' title='bbox 596 3072 610 3118; x_wconf 95' lang='grc'>6</span> <span class='ocrx_word' id='word_1_215' title='bbox 629 3070 779 3117; x_wconf 82' lang='lat' dir='ltr'>cerassaaF</span> <span class='ocrx_word' id='word_1_216' title='bbox 803 3067 911 3132; x_wconf 82' lang='grc' dir='ltr'>κερᾶσαι</span> <span class='ocrx_word' id='word_1_217' title='bbox 929 3068 1015 3116; x_wconf 82' lang='lat' dir='ltr'>Gomm</span> <span class='ocrx_word' id='word_1_218' title='bbox 1070 3071 1082 3116; x_wconf 94' lang='grc'><strong>7</strong></span> <span class='ocrx_word' id='word_1_219' title='bbox 1102 3067 1268 3117; x_wconf 85' lang='lat' dir='ltr'>triclinnribus</span> <span class='ocrx_word' id='word_1_220' title='bbox 1286 3069 1307 3115; x_wconf 77' lang='lat' dir='ltr'><strong>F</strong></span> <span class='ocrx_word' id='word_1_221' title='bbox 1325 3084 1380 3117; x_wconf 87' lang='lat' dir='ltr'>corr</span> 
     </span>
     <span class='ocr_line' id='line_1_26' title="bbox 149 3155 1379 3229; baseline 0.002 -22"><span class='ocrx_word' id='word_1_222' title='bbox 149 3155 322 3226; x_wconf 65' lang='lat' dir='ltr'>Tiliobrogass</span> <span class='ocrx_word' id='word_1_223' title='bbox 350 3162 498 3221; x_wconf 77' lang='lat' dir='ltr'>pulcbrIsF</span> <span class='ocrx_word' id='word_1_224' title='bbox 525 3177 579 3211; x_wconf 89' lang='lat' dir='ltr'>corr</span> <span class='ocrx_word' id='word_1_225' title='bbox 603 3163 661 3211; x_wconf 85' lang='lat' dir='ltr'>ldie.</span> <span class='ocrx_word' id='word_1_226' title='bbox 680 3164 695 3210; x_wconf 90' lang='lat' dir='ltr'>i.</span> <span class='ocrx_word' id='word_1_227' title='bbox 714 3178 747 3223; x_wconf 91' lang='lat' dir='ltr'>m,</span> <span class='ocrx_word' id='word_1_228' title='bbox 771 3162 834 3210; x_wconf 86' lang='lat' dir='ltr'>Iuda</span> <span class='ocrx_word' id='word_1_229' title='bbox 859 3163 994 3223; x_wconf 88' lang='lat' dir='ltr'>Bouutius,</span> <span class='ocrx_word' id='word_1_230' title='bbox 1021 3162 1165 3210; x_wconf 85' lang='lat' dir='ltr'>Theodorus</span> <span class='ocrx_word' id='word_1_231' title='bbox 1188 3163 1315 3229; x_wconf 75' lang='lat' dir='ltr'>Mamilius</span> <span class='ocrx_word' id='word_1_232' title='bbox 1339 3178 1379 3224; x_wconf 85' lang='lat' dir='ltr'>ap.</span> 
     </span>
     <span class='ocr_line' id='line_1_27' title="bbox 149 3252 1380 3324; baseline 0.002 -23"><span class='ocrx_word' id='word_1_233' title='bbox 149 3254 252 3302; x_wconf 82' lang='lat' dir='ltr'>Tiliobr.</span> <span class='ocrx_word' id='word_1_234' title='bbox 275 3255 307 3301; x_wconf 87' lang='lat' dir='ltr'>ad</span> <span class='ocrx_word' id='word_1_235' title='bbox 325 3252 386 3302; x_wconf 73' lang='lat' dir='ltr'>scot.</span> <span class='ocrx_word' id='word_1_236' title='bbox 403 3271 428 3316; x_wconf 91' lang='lat' dir='ltr'>p.</span> <span class='ocrx_word' id='word_1_237' title='bbox 441 3257 490 3304; x_wconf 77' lang='lat'>505</span> <span class='ocrx_word' id='word_1_238' title='bbox 515 3255 628 3321; x_wconf 73' lang='lat' dir='ltr'>(pletatis</span> <span class='ocrx_word' id='word_1_239' title='bbox 646 3255 793 3321; x_wconf 82' lang='lat' dir='ltr'>Lindenbr.)</span> <span class='ocrx_word' id='word_1_240' title='bbox 811 3253 822 3324; x_wconf 67' lang='lat' dir='ltr'><strong>fl</strong></span> <span class='ocrx_word' id='word_1_241' title='bbox 842 3258 988 3305; x_wconf 78' lang='lat' dir='ltr'>sacellorum</span> <span class='ocrx_word' id='word_1_242' title='bbox 1006 3257 1027 3304; x_wconf 83' lang='lat' dir='ltr'><strong>F</strong></span> <span class='ocrx_word' id='word_1_243' title='bbox 1050 3257 1197 3317; x_wconf 72' lang='lat' dir='ltr'>capellanum</span> <span class='ocrx_word' id='word_1_244' title='bbox 1214 3256 1317 3304; x_wconf 82' lang='lat' dir='ltr'>Tiliobr.</span> <span class='ocrx_word' id='word_1_245' title='bbox 1336 3259 1380 3304; x_wconf 87' lang='lat' dir='ltr'>l.c</span> 
     </span>
     <span class='ocr_line' id='line_1_28' title="bbox 148 3346 1378 3418; baseline 0.004 -24"><span class='ocrx_word' id='word_1_246' title='bbox 148 3346 253 3396; x_wconf 80' lang='lat' dir='ltr'>Acbdoc&#39;</span> <span class='ocrx_word' id='word_1_247' title='bbox 268 3349 332 3395; x_wconf 84' lang='lat' dir='ltr'>conl.</span> <span class='ocrx_word' id='word_1_248' title='bbox 345 3346 370 3398; x_wconf 76' lang='grc' dir='ltr'>Σ</span> <span class='ocrx_word' id='word_1_249' title='bbox 415 3352 429 3397; x_wconf 90' lang='grc'>8</span> <span class='ocrx_word' id='word_1_250' title='bbox 447 3350 606 3410; x_wconf 69' lang='lat' dir='ltr'>significantes</span> <span class='ocrx_word' id='word_1_251' title='bbox 625 3352 732 3416; x_wconf 68' lang='lat' dir='ltr'>[capram</span> <span class='ocrx_word' id='word_1_252' title='bbox 749 3349 805 3416; x_wconf 65' lang='lat' dir='ltr'>ninii</span> <span class='ocrx_word' id='word_1_253' title='bbox 820 3351 964 3410; x_wconf 80' lang='lat' dir='ltr'>Tiliobroga</span> <span class='ocrx_word' id='word_1_254' title='bbox 975 3347 986 3418; x_wconf 82' lang='grc' dir='ltr'>ΙΙ</span> <span class='ocrx_word' id='word_1_255' title='bbox 998 3352 1156 3400; x_wconf 82' lang='lat' dir='ltr'>invenisseF</span> <span class='ocrx_word' id='word_1_256' title='bbox 1172 3350 1262 3396; x_wconf 83' lang='lat' dir='ltr'>inventi</span> <span class='ocrx_word' id='word_1_257' title='bbox 1277 3350 1340 3397; x_wconf 84' lang='lat' dir='ltr'>coni.</span> <span class='ocrx_word' id='word_1_258' title='bbox 1353 3347 1378 3399; x_wconf 79' lang='grc' dir='ltr'>Σ</span> 
     </span>
     <span class='ocr_line' id='line_1_29' title="bbox 151 3441 1378 3509; baseline 0 -19"><span class='ocrx_word' id='word_1_259' title='bbox 151 3441 231 3509; x_wconf 65' lang='lat' dir='ltr'>{lodis</span> <span class='ocrx_word' id='word_1_260' title='bbox 248 3449 327 3490; x_wconf 65' lang='lat' dir='ltr'>uuum</span> <span class='ocrx_word' id='word_1_261' title='bbox 344 3458 418 3506; x_wconf 83' lang='lat' dir='ltr'>caper</span> <span class='ocrx_word' id='word_1_262' title='bbox 435 3445 456 3492; x_wconf 90' lang='lat' dir='ltr'>ci</span> <span class='ocrx_word' id='word_1_263' title='bbox 476 3443 500 3494; x_wconf 75' lang='grc' dir='ltr'>Σ</span> <span class='ocrx_word' id='word_1_264' title='bbox 560 3449 575 3495; x_wconf 86' lang='lat'><strong>9</strong></span> <span class='ocrx_word' id='word_1_265' title='bbox 593 3447 745 3507; x_wconf 80' lang='lat' dir='ltr'>potafionsm</span> <span class='ocrx_word' id='word_1_266' title='bbox 763 3447 783 3492; x_wconf 80' lang='lat' dir='ltr'>F</span> <span class='ocrx_word' id='word_1_267' title='bbox 807 3461 846 3493; x_wconf 90' lang='lat' dir='ltr'>em</span> <span class='ocrx_word' id='word_1_268' title='bbox 863 3446 1006 3507; x_wconf 85' lang='lat' dir='ltr'>Tiliobroga</span> <span class='ocrx_word' id='word_1_269' title='bbox 1068 3449 1098 3494; x_wconf 89' lang='lat'>10</span> <span class='ocrx_word' id='word_1_270' title='bbox 1116 3441 1297 3509; x_wconf 83' lang='lat' dir='ltr'>Pelethronios]</span> <span class='ocrx_word' id='word_1_271' title='bbox 1313 3443 1378 3491; x_wconf 90' lang='lat' dir='ltr'>Plin.</span> 
     </span>
     <span class='ocr_line' id='line_1_30' title="bbox 149 3534 1378 3606; baseline -0.001 -21"><span class='ocrx_word' id='word_1_272' title='bbox 149 3554 172 3585; x_wconf 90' lang='lat' dir='ltr'>n.</span> <span class='ocrx_word' id='word_1_273' title='bbox 186 3537 210 3584; x_wconf 93' lang='lat' dir='ltr'>h.</span> <span class='ocrx_word' id='word_1_274' title='bbox 228 3538 277 3585; x_wconf 94' lang='lat' dir='ltr'>VII</span> <span class='ocrx_word' id='word_1_275' title='bbox 295 3540 336 3596; x_wconf 82' lang='grc'>56,</span> <span class='ocrx_word' id='word_1_276' title='bbox 354 3541 402 3589; x_wconf 80' lang='grc'>202</span> <span class='ocrx_word' id='word_1_277' title='bbox 447 3543 476 3588; x_wconf 90' lang='grc'>11</span> <span class='ocrx_word' id='word_1_278' title='bbox 497 3541 618 3589; x_wconf 84' lang='lat' dir='ltr'>beloneF</span> <span class='ocrx_word' id='word_1_279' title='bbox 638 3534 728 3606; x_wconf 79' lang='grc' dir='ltr'>βελόνη</span> <span class='ocrx_word' id='word_1_280' title='bbox 747 3542 785 3588; x_wconf 89' lang='grc' dir='ltr'>Βιι</span> <span class='ocrx_word' id='word_1_281' title='bbox 832 3543 863 3589; x_wconf 80' lang='lat'>12</span> <span class='ocrx_word' id='word_1_282' title='bbox 882 3541 980 3588; x_wconf 79' lang='lat' dir='ltr'>contulit</span> <span class='ocrx_word' id='word_1_283' title='bbox 996 3541 1114 3599; x_wconf 80' lang='lat' dir='ltr'>RUnger</span> <span class='ocrx_word' id='word_1_284' title='bbox 1132 3537 1307 3599; x_wconf 77' lang='lat' dir='ltr'>parad&#39;l&#39;beb.</span> <span class='ocrx_word' id='word_1_285' title='bbox 1325 3539 1378 3598; x_wconf 88' lang='lat' dir='ltr'>p.8</span> 
     </span>
     <span class='ocr_line' id='line_1_31' title="bbox 149 3633 1379 3701; baseline -0.004 -14"><span class='ocrx_word' id='word_1_286' title='bbox 149 3639 256 3687; x_wconf 79' lang='lat' dir='ltr'>contudit</span> <span class='ocrx_word' id='word_1_287' title='bbox 271 3641 321 3687; x_wconf 86' lang='lat' dir='ltr'>Icc.</span> <span class='ocrx_word' id='word_1_288' title='bbox 335 3637 445 3685; x_wconf 81' lang='lat' dir='ltr'>Gronov.</span> <span class='ocrx_word' id='word_1_289' title='bbox 463 3635 537 3682; x_wconf 81' lang='lat' dir='ltr'>Thes.</span> <span class='ocrx_word' id='word_1_290' title='bbox 554 3635 630 3682; x_wconf 87' lang='lat' dir='ltr'>vol.I</span> <span class='ocrx_word' id='word_1_291' title='bbox 647 3636 679 3682; x_wconf 84' lang='lat' dir='ltr'>ad</span> <span class='ocrx_word' id='word_1_292' title='bbox 696 3635 748 3682; x_wconf 87' lang='lat' dir='ltr'>tab.</span> <span class='ocrx_word' id='word_1_293' title='bbox 766 3635 792 3682; x_wconf 85' lang='lat' dir='ltr'>M</span> <span class='ocrx_word' id='word_1_294' title='bbox 804 3633 814 3701; x_wconf 68' lang='lat' dir='ltr'>ll</span> <span class='ocrx_word' id='word_1_295' title='bbox 827 3649 899 3684; x_wconf 83' lang='lat' dir='ltr'>accus</span> <span class='ocrx_word' id='word_1_296' title='bbox 915 3635 936 3682; x_wconf 82' lang='lat' dir='ltr'><strong>F</strong></span> <span class='ocrx_word' id='word_1_297' title='bbox 954 3635 1036 3695; x_wconf 88' lang='lat' dir='ltr'>‘primi</span> <span class='ocrx_word' id='word_1_298' title='bbox 1052 3633 1167 3681; x_wconf 88' lang='lat' dir='ltr'>dicuntur</span> <span class='ocrx_word' id='word_1_299' title='bbox 1184 3646 1270 3679; x_wconf 81' lang='lat' dir='ltr'>aurum</span> <span class='ocrx_word' id='word_1_300' title='bbox 1282 3635 1379 3682; x_wconf 82' lang='lat' dir='ltr'>Aeacus</span> 
     </span>
     <span class='ocr_line' id='line_1_32' title="bbox 149 3726 1379 3795; baseline -0.005 -13"><span class='ocrx_word' id='word_1_301' title='bbox 149 3739 277 3795; x_wconf 81' lang='lat' dir='ltr'>argentum</span> <span class='ocrx_word' id='word_1_302' title='bbox 295 3733 371 3780; x_wconf 89' lang='lat' dir='ltr'>Indus</span> <span class='ocrx_word' id='word_1_303' title='bbox 389 3745 432 3778; x_wconf 87' lang='lat' dir='ltr'>rex</span> <span class='ocrx_word' id='word_1_304' title='bbox 450 3729 565 3791; x_wconf 84' lang='lat' dir='ltr'>Scythiae</span> <span class='ocrx_word' id='word_1_305' title='bbox 582 3729 710 3791; x_wconf 85' lang='lat' dir='ltr'>reperissa’</span> <span class='ocrx_word' id='word_1_306' title='bbox 729 3729 870 3778; x_wconf 84' lang='lat' dir='ltr'>Cassiodor.</span> <span class='ocrx_word' id='word_1_307' title='bbox 888 3730 946 3777; x_wconf 85' lang='lat' dir='ltr'>Var.</span> <span class='ocrx_word' id='word_1_308' title='bbox 964 3728 1000 3775; x_wconf 87' lang='lat' dir='ltr'>IV</span> <span class='ocrx_word' id='word_1_309' title='bbox 1018 3729 1051 3775; x_wconf 84' lang='grc'>64</span> <span class='ocrx_word' id='word_1_310' title='bbox 1073 3726 1162 3774; x_wconf 82' lang='lat' dir='ltr'>‘Thoas</span> <span class='ocrx_word' id='word_1_311' title='bbox 1180 3731 1224 3775; x_wconf 83' lang='lat' dir='ltr'>cut</span> <span class='ocrx_word' id='word_1_312' title='bbox 1240 3727 1336 3776; x_wconf 77' lang='lat' dir='ltr'>Aeacus</span> <span class='ocrx_word' id='word_1_313' title='bbox 1352 3729 1379 3776; x_wconf 88' lang='lat' dir='ltr'>in</span> 
     </span>
     <span class='ocr_line' id='line_1_33' title="bbox 148 3821 1377 3890; baseline -0.004 -14"><span class='ocrx_word' id='word_1_314' title='bbox 148 3826 282 3876; x_wconf 85' lang='lat' dir='ltr'>Panchaia’</span> <span class='ocrx_word' id='word_1_315' title='bbox 307 3826 371 3873; x_wconf 91' lang='lat' dir='ltr'>Plin.</span> <span class='ocrx_word' id='word_1_316' title='bbox 396 3826 422 3872; x_wconf 90' lang='lat' dir='ltr'>h.</span> <span class='ocrx_word' id='word_1_317' title='bbox 441 3841 465 3872; x_wconf 90' lang='lat' dir='ltr'>n.</span> <span class='ocrx_word' id='word_1_318' title='bbox 485 3825 533 3871; x_wconf 89' lang='lat' dir='ltr'>VII</span> <span class='ocrx_word' id='word_1_319' title='bbox 556 3825 671 3883; x_wconf 80' lang='grc'>66,197</span> <span class='ocrx_word' id='word_1_320' title='bbox 697 3824 750 3890; x_wconf 87' lang='lat' dir='ltr'>(ubi</span> <span class='ocrx_word' id='word_1_321' title='bbox 773 3829 856 3872; x_wconf 77' lang='lat' dir='ltr'>tamen</span> <span class='ocrx_word' id='word_1_322' title='bbox 879 3825 976 3871; x_wconf 82' lang='lat' dir='ltr'>Aeacus</span> <span class='ocrx_word' id='word_1_323' title='bbox 1000 3821 1103 3869; x_wconf 85' lang='lat' dir='ltr'>debetur</span> <span class='ocrx_word' id='word_1_324' title='bbox 1126 3821 1250 3869; x_wconf 86' lang='lat' dir='ltr'>Urlicbaio</span> <span class='ocrx_word' id='word_1_325' title='bbox 1274 3823 1300 3869; x_wconf 90' lang='lat' dir='ltr'>in</span> <span class='ocrx_word' id='word_1_326' title='bbox 1322 3823 1377 3871; x_wconf 89' lang='grc' dir='ltr'>ΠΒ.</span> 
     </span>
     <span class='ocr_line' id='line_1_34' title="bbox 149 3915 1380 3984; baseline -0.004 -13"><span class='ocrx_word' id='word_1_327' title='bbox 149 3923 270 3971; x_wconf 85' lang='lat' dir='ltr'>LXXVII</span> <span class='ocrx_word' id='word_1_328' title='bbox 287 3923 337 3970; x_wconf 77' lang='lat'>488</span> <span class='ocrx_word' id='word_1_329' title='bbox 356 3921 446 3968; x_wconf 78' lang='lat' dir='ltr'>conclis</span> <span class='ocrx_word' id='word_1_330' title='bbox 463 3919 509 3966; x_wconf 76' lang='lat' dir='ltr'>Dr</span> <span class='ocrx_word' id='word_1_331' title='bbox 527 3933 540 3967; x_wconf 93' lang='lat' dir='ltr'>e</span> <span class='ocrx_word' id='word_1_332' title='bbox 557 3918 619 3967; x_wconf 79' lang='lat' dir='ltr'>aclis</span> <span class='ocrx_word' id='word_1_333' title='bbox 637 3918 660 3984; x_wconf 89' lang='lat' dir='ltr'>r)</span> <span class='ocrx_word' id='word_1_334' title='bbox 714 3921 744 3966; x_wconf 81' lang='lat'>15</span> <span class='ocrx_word' id='word_1_335' title='bbox 763 3918 824 3964; x_wconf 74' lang='lat' dir='ltr'>elide</span> <span class='ocrx_word' id='word_1_336' title='bbox 840 3953 846 3964; x_wconf 92' lang='lat'>.</span> <span class='ocrx_word' id='word_1_337' title='bbox 865 3953 871 3965; x_wconf 87' lang='lat'><em>.</em></span> <span class='ocrx_word' id='word_1_338' title='bbox 891 3954 896 3966; x_wconf 93' lang='lat'><em>.</em></span> <span class='ocrx_word' id='word_1_339' title='bbox 917 3921 948 3966; x_wconf 93' lang='grc'>16</span> <span class='ocrx_word' id='word_1_340' title='bbox 967 3922 1022 3964; x_wconf 82' lang='lat' dir='ltr'>sant</span> <span class='ocrx_word' id='word_1_341' title='bbox 1041 3915 1122 3964; x_wconf 86' lang='lat' dir='ltr'>aliano</span> <span class='ocrx_word' id='word_1_342' title='bbox 1140 3915 1195 3963; x_wconf 89' lang='lat' dir='ltr'>loco</span> <span class='ocrx_word' id='word_1_343' title='bbox 1212 3916 1308 3965; x_wconf 81' lang='lat' dir='ltr'>intrusa</span> <span class='ocrx_word' id='word_1_344' title='bbox 1326 3931 1380 3966; x_wconf 90' lang='lat' dir='ltr'>esse</span> 
     </span>
     <span class='ocr_line' id='line_1_35' title="bbox 148 4009 1379 4078; baseline -0.004 -13"><span class='ocrx_word' id='word_1_345' title='bbox 148 4022 224 4078; x_wconf 80' lang='lat' dir='ltr'>patet,</span> <span class='ocrx_word' id='word_1_346' title='bbox 241 4018 299 4064; x_wconf 86' lang='lat' dir='ltr'>secl.</span> <span class='ocrx_word' id='word_1_347' title='bbox 318 4014 425 4062; x_wconf 89' lang='lat' dir='ltr'>Bursian</span> <span class='ocrx_word' id='word_1_348' title='bbox 471 4016 502 4062; x_wconf 88' lang='grc'>17</span> <span class='ocrx_word' id='word_1_349' title='bbox 523 4013 659 4074; x_wconf 84' lang='lat' dir='ltr'>‘plumbum</span> <span class='ocrx_word' id='word_1_350' title='bbox 677 4013 758 4061; x_wconf 83' lang='lat' dir='ltr'>blidas</span> <span class='ocrx_word' id='word_1_351' title='bbox 776 4018 892 4074; x_wconf 82' lang='lat' dir='ltr'>regnator</span> <span class='ocrx_word' id='word_1_352' title='bbox 908 4009 1038 4072; x_wconf 87' lang='lat' dir='ltr'>Phrygiae’</span> <span class='ocrx_word' id='word_1_353' title='bbox 1057 4010 1167 4059; x_wconf 83' lang='lat' dir='ltr'>Cassiod.</span> <span class='ocrx_word' id='word_1_354' title='bbox 1185 4011 1223 4057; x_wconf 94' lang='lat' dir='ltr'>III</span> <span class='ocrx_word' id='word_1_355' title='bbox 1241 4014 1272 4060; x_wconf 81' lang='lat'>31</span> <span class='ocrx_word' id='word_1_356' title='bbox 1292 4014 1379 4073; x_wconf 87' lang='lat' dir='ltr'>‘plum-</span> 
     </span>
     <span class='ocr_line' id='line_1_36' title="bbox 148 4104 1378 4168; baseline -0.002 -9"><span class='ocrx_word' id='word_1_357' title='bbox 148 4113 208 4160; x_wconf 87' lang='lat' dir='ltr'>bum</span> <span class='ocrx_word' id='word_1_358' title='bbox 232 4126 262 4158; x_wconf 85' lang='lat' dir='ltr'>ex</span> <span class='ocrx_word' id='word_1_359' title='bbox 287 4108 431 4157; x_wconf 80' lang='lat' dir='ltr'>cassiteride</span> <span class='ocrx_word' id='word_1_360' title='bbox 456 4108 538 4155; x_wconf 86' lang='lat' dir='ltr'>insula</span> <span class='ocrx_word' id='word_1_361' title='bbox 562 4107 656 4168; x_wconf 89' lang='lat' dir='ltr'>primus</span> <span class='ocrx_word' id='word_1_362' title='bbox 681 4108 823 4168; x_wconf 82' lang='lat' dir='ltr'>adportavit</span> <span class='ocrx_word' id='word_1_363' title='bbox 846 4105 998 4154; x_wconf 81' lang='lat' dir='ltr'>Midacritus’</span> <span class='ocrx_word' id='word_1_364' title='bbox 1023 4105 1087 4152; x_wconf 90' lang='lat' dir='ltr'>Plin.</span> <span class='ocrx_word' id='word_1_365' title='bbox 1112 4105 1138 4151; x_wconf 92' lang='lat' dir='ltr'>h.</span> <span class='ocrx_word' id='word_1_366' title='bbox 1157 4121 1181 4153; x_wconf 90' lang='lat' dir='ltr'>n.</span> <span class='ocrx_word' id='word_1_367' title='bbox 1200 4104 1248 4153; x_wconf 88' lang='lat' dir='ltr'>VII</span> <span class='ocrx_word' id='word_1_368' title='bbox 1266 4108 1310 4166; x_wconf 80' lang='grc'>66,</span> <span class='ocrx_word' id='word_1_369' title='bbox 1329 4110 1378 4157; x_wconf 87' lang='grc'>197</span> 
     </span>
     <span class='ocr_line' id='line_1_37' title="bbox 149 4199 1379 4272; baseline -0.002 -20"><span class='ocrx_word' id='word_1_370' title='bbox 149 4203 162 4272; x_wconf 74' lang='grc' dir='ltr'>Η</span> <span class='ocrx_word' id='word_1_371' title='bbox 175 4203 295 4270; x_wconf 65' lang='lat' dir='ltr'>{Pelasgus</span> <span class='ocrx_word' id='word_1_372' title='bbox 321 4210 343 4250; x_wconf 78' lang='lat' dir='ltr'>ct</span> <span class='ocrx_word' id='word_1_373' title='bbox 367 4200 475 4268; x_wconf 62' lang='lat' dir='ltr'>Lycaoni</span> <span class='ocrx_word' id='word_1_374' title='bbox 491 4200 605 4250; x_wconf 76' lang='lat' dir='ltr'>Arcades</span> <span class='ocrx_word' id='word_1_375' title='bbox 628 4202 700 4251; x_wconf 85' lang='lat' dir='ltr'>malit</span> <span class='ocrx_word' id='word_1_376' title='bbox 717 4201 742 4253; x_wconf 85' lang='grc' dir='ltr'>Σ</span> <span class='ocrx_word' id='word_1_377' title='bbox 803 4205 835 4252; x_wconf 86' lang='grc'>16</span> <span class='ocrx_word' id='word_1_378' title='bbox 857 4201 934 4263; x_wconf 86' lang='lat' dir='ltr'>arma]</span> <span class='ocrx_word' id='word_1_379' title='bbox 959 4200 1098 4249; x_wconf 78' lang='lat' dir='ltr'>cassiodor.</span> <span class='ocrx_word' id='word_1_380' title='bbox 1123 4199 1181 4247; x_wconf 30' lang='lat' dir='ltr'>Vari</span> <span class='ocrx_word' id='word_1_381' title='bbox 1201 4201 1250 4248; x_wconf 89' lang='lat' dir='ltr'>VII</span> <span class='ocrx_word' id='word_1_382' title='bbox 1268 4204 1299 4249; x_wconf 89' lang='lat'>18</span> <span class='ocrx_word' id='word_1_383' title='bbox 1323 4203 1379 4249; x_wconf 85' lang='lat' dir='ltr'>‘hoc</span> 
     </span>
     <span class='ocr_line' id='line_1_38' title="bbox 148 4294 1379 4360; baseline -0.002 -14"><span class='ocrx_word' id='word_1_384' title='bbox 148 4299 255 4360; x_wconf 89' lang='lat' dir='ltr'>primum</span> <span class='ocrx_word' id='word_1_385' title='bbox 272 4299 416 4345; x_wconf 87' lang='lat' dir='ltr'>Phoroneus</span> <span class='ocrx_word' id='word_1_386' title='bbox 433 4297 522 4345; x_wconf 89' lang='lat' dir='ltr'>Iunoni</span> <span class='ocrx_word' id='word_1_387' title='bbox 540 4296 630 4346; x_wconf 86' lang='lat' dir='ltr'>dicitur</span> <span class='ocrx_word' id='word_1_388' title='bbox 648 4298 769 4347; x_wconf 85' lang='lat' dir='ltr'>obtulisse</span> <span class='ocrx_word' id='word_1_389' title='bbox 792 4303 819 4345; x_wconf 90' lang='lat' dir='ltr'>ut</span> <span class='ocrx_word' id='word_1_390' title='bbox 839 4299 1008 4344; x_wconf 86' lang='lat' dir='ltr'>inventum</span> <span class='ocrx_word' id='word_1_391' title='bbox 1026 4309 1115 4344; x_wconf 90' lang='lat' dir='ltr'>suum</span> <span class='ocrx_word' id='word_1_392' title='bbox 1133 4294 1240 4343; x_wconf 89' lang='lat' dir='ltr'>numinis</span> <span class='ocrx_word' id='word_1_393' title='bbox 1266 4300 1293 4343; x_wconf 87' lang='lat' dir='ltr'>ut</span> <span class='ocrx_word' id='word_1_394' title='bbox 1308 4299 1379 4356; x_wconf 86' lang='lat' dir='ltr'>puta·</span> 
     </span>
     <span class='ocr_line' id='line_1_39' title="bbox 148 4389 692 4453; baseline 0 -13"><span class='ocrx_word' id='word_1_395' title='bbox 148 4393 209 4440; x_wconf 87' lang='lat' dir='ltr'>bant</span> <span class='ocrx_word' id='word_1_396' title='bbox 226 4391 337 4453; x_wconf 83' lang='lat' dir='ltr'>auspicio</span> <span class='ocrx_word' id='word_1_397' title='bbox 354 4389 515 4439; x_wconf 74' lang='lat' dir='ltr'>consecraret</span> <span class='ocrx_word' id='word_1_398' title='bbox 533 4391 567 4439; x_wconf 83' lang='lat' dir='ltr'>cl.</span> <span class='ocrx_word' id='word_1_399' title='bbox 586 4392 692 4441; x_wconf 85' lang='lat' dir='ltr'>CXLIII</span> 
     </span>
    </p>
   </div>
   <div class='ocr_carea' id='block_1_6' title="bbox 0 0 1546 4950">
    <p class='ocr_par' dir='ltr' id='par_1_8' title="bbox 0 0 1546 4950">
     <span class='ocr_line' id='line_1_40' title="bbox 0 0 1546 4950; baseline 0 1"><span class='ocrx_word' id='word_1_400' title='bbox 0 0 1546 4950; x_wconf 95' lang='lat' dir='ltr'> </span> 
     </span>
    </p>
   </div>
  </div>
 </body>
</html>
