3082 4950
679 231 740 296 117

95 383 234 449 divinam
252 382 383 466 faceret,
404 385 522 468 hospes
540 384 622 450 falso
643 385 805 451 simulavit
822 405 857 452 se
874 387 1011 453 hostiam
1027 387 1227 469 percussisse
1240 407 1326 453 eum·
1380 474 1382 479 Ι

95 515 156 577 que
177 495 336 561 interfecit
358 496 559 578 patriumque
580 515 713 578 regnum
736 498 874 579 adeptus
897 503 955 564 est.

533 691 704 758 CLXXXV
725 693 881 759 Atalanta

179 829 360 895 Schoeneus
390 828 575 894 Atalantam
606 829 703 894 fiham
733 829 888 913 virginem
916 829 1178 897 formosissimam
1209 831 1325 896 dicitur
1420 909 1423 913 ,

92 940 260 1021 habuisse,
283 959 364 1022 quae
385 941 502 1006 virtute
521 958 581 1006 sua
598 958 693 1006 cursu
709 941 794 1007 viros
814 925 995 1023 superabat.
1018 960 1057 1007 ea
1080 942 1173 1024 petiit
1194 939 1324 1024 a'patre

92 1056 129 1116 ut
152 1071 188 1118 se
204 1051 356 1132 virginem
374 1056 525 1117 servaret.
555 1052 663 1133 itaque
681 1070 751 1117 cum
776 1070 796 1118 a
816 1052 961 1134 pluribus
986 1053 1018 1119 in
1039 1053 1218 1135 coniugium
1235 1058 1352 1136 pete-5

91 1167 188 1244 retur,
210 1168 303 1245 pater
319 1164 387 1229 eius
408 1163 601 1229 simultatem
618 1163 793 1244 constituit,
809 1163 863 1245 qui
879 1182 949 1228 eam
967 1164 1082 1230 ducere
1100 1164 1196 1230 vellet
1213 1165 1322 1248 prius

90 1274 124 1339 in
142 1275 314 1340 certamine
330 1292 448 1340 eursu
465 1292 536 1340 cum
553 1293 591 1340 ea
608 1275 827 1356 contenderet,
849 1275 985 1340 termino
1003 1275 1186 1357 constituto,
1215 1281 1252 1341 ut
1268 1276 1323 1342 ille

91 1386 222 1452 inermis
239 1385 364 1468 figeret
384 1387 463 1452 haee
483 1403 553 1451 curn
569 1386 634 1452 telo
657 1386 892 1468 insequeretur;
922 1405 1015 1468 quem
1037 1387 1123 1452 intra
1145 1386 1241 1452 finem
1260 1391 1322 1453 ter-

90 1497 168 1563 mini
186 1495 351 1563 constitu*
372 1502 407 1563 ta
425 1497 541 1563 fuisset
559 1497 769 1578 interficeret,
799 1498 888 1563 euius
914 1503 1010 1580 eaput
1025 1498 1058 1563 in
1079 1498 1184 1564 stadio
1200 1498 1322 1581 figeret.

89 1609 260 1691 plerosque
289 1627 359 1674 cum
387 1613 574 1690 superasset
602 1614 635 1673 et
663 1609 833 1675 occidisset
858 1609 1030 1675 novissime
1056 1610 1096 1675 ab
1122 1610 1322 1692 Hippomene
1332 1615 1373 1679 10

90 1720 266 1801 Megarei
289 1726 322 1785 et
337 1720 486 1803 Meropes
503 1719 568 1785 filio
591 1720 676 1787 victa
700 1725 760 1786 est.
788 1720 839 1785 hic
863 1720 985 1786 enims
1006 1722 1126 1786 Venere
1151 1723 1237 1788 mala
1258 1723 1322 1789 tria

89 1832 224 1914 insignis
243 1831 363 1896 formae
382 1836 564 1913 acceperat,
587 1832 757 1898 edoctus
779 1832 865 1914 quis
887 1850 983 1897 usus
1005 1832 1045 1897 in
1068 1832 1126 1899 eis
1150 1838 1246 1899 esset.
1268 1834 1321 1916 qui

88 1945 121 2008 in
138 1944 209 2025 ipso
226 1943 398 2008 certamine
421 1943 570 2008 iactando
586 1943 713 2025 puellae
729 1945 883 2025 impetum
901 1944 1054 2026 alligavit.
1075 1943 1131 2009 illa
1146 1945 1228 2009 enim
1245 1946 1321 2010 dum

90 2054 211 2136 colligit
228 2059 261 2119 et
277 2055 461 2120 ammiratus
479 2073 627 2135 aurum,
649 2055 880 2121 declinavit
902 2061 935 2119 et
952 2056 1058 2120 iuveni
1075 2056 1240 2122 victoriam
1255 2063 1321 2122 tra-

89 2165 179 2231 didit
201 2165 251 2230 cui
269 2165 450 2232 Schoeneus
468 2166 507 2231 ob
528 2166 718 2231 industriam
734 2167 836 2232 libens
854 2165 952 2232 filiam
968 2185 1059 2232 suam
1074 2167 1165 2232 dedit
1183 2187 1320 2234 uxorem.
1331 2169 1371 2236 15

90 2279 183 2343 Hanc
199 2295 269 2342 cum
286 2277 318 2341 in
335 2277 472 2358 patriam
491 2278 638 2357 duceret,
660 2277 812 2342 oblitus
829 2277 981 2343 beneficio
996 2277 1129 2343 Veneris
1143 2297 1178 2342 se
1196 2279 1320 2359 vicisse,

88 2393 226 2470 grates
249 2388 376 2453 einos
399 2389 490 2469 egit
521 2389 605 2454 irata
628 2390 753 2455 Venere
777 2389 810 2453 in
831 2392 939 2454 monte
959 2388 1103 2453 Parnaso
1128 2407 1197 2453 cum
1222 2391 1320 2454 saeri-
1395 2375 1397 2379 ’

87 2500 200 2565 ficeret
216 2500 284 2564 Iovi
301 2499 428 2580 victori,
459 2499 634 2582 eupiditate
660 2500 809 2565 incensus
834 2517 905 2565 oum
931 2517 970 2564 ea
988 2499 1021 2564 in
1045 2497 1119 2564 fano
1141 2501 1318 2565 concubuit.

88 2629 168 2693 quos
185 2610 329 2692 Iuppiter
348 2610 389 2676 ob
407 2610 442 2675 id
456 2609 575 2676 fectum
600 2610 633 2675 in
650 2611 774 2676 leonem
791 2618 824 2676 et
840 2611 923 2676 leam
942 2611 1111 2692 convertit,
1140 2601 1254 2692 quibus
1273 2611 1319 2676 dii

89 2722 288 2788 concubitum
309 2721 443 2787 Veneris
466 2722 634 2802 denegant.
1326 2723 1369 2788 20

471 2938 496 2989 a
507 2916 693 2983 euxuxvr
712 2890 896 2999 melanippe

171 3054 377 3138 Melanippen
392 3054 577 3120 Desmontis
598 3053 695 3120 filam
719 3054 802 3135 (sive
819 3054 909 3119 Aeoli
929 3059 965 3119 ut
986 3055 1039 3121 alii
1057 3059 1173 3137 poetae
1193 3056 1316 3137 dicunt)

87 3164 350 3232 formosissimam
366 3167 535 3248 Neptunus
552 3166 755 3247 compressit,
785 3185 823 3230 ex
844 3176 906 3247 qua
925 3167 1106 3248 procreavit
1120 3165 1204 3232 filios
1226 3167 1316 3231 duos,

88 3278 172 3359 quod
202 3296 272 3343 cum
297 3277 487 3343 Desmontes
517 3276 669 3342 rescisset
696 3280 749 3357 [et]
778 3277 983 3359 Melanippen
1013 3278 1194 3342 exeaecavit
1223 3282 1256 3342 et
1283 3278 1316 3342 in

89 3472 101 3516 1
115 3468 265 3529 percussisse
281 3471 435 3528 suspectum,
448 3463 635 3532 percussissent}
654 3466 724 3513 esse?

155 3565 171 3611 4
190 3578 236 3610 aas
254 3559 297 3628 ΙασΙ
314 3561 458 3610 sarraceni
478 3560 527 3608 Sch
547 3557 558 3628 ΙΙ
582 3575 654 3608 corsa
677 3562 735 3609 secl.
754 3561 839 3621 Lange
856 3576 880 3622 p.
893 3563 926 3609 20
979 3561 993 3607 6
1013 3559 1072 3621 eius]
1091 3559 1124 3606 eis
1142 3557 1190 3606 Sch
1211 3555 1316 3626 ΙΙΙΟνίᾱ.

87 3657 146 3704 Met.
163 3657 188 3703 X
205 3658 255 3706 570
308 3659 321 3704 f
341 3661 368 3703 ut
384 3657 427 3703 ille
444 3658 465 3704 F
483 3663 505 3704 ct
521 3657 561 3704 ale
579 3655 627 3703 Seh
686 3660 700 3704 9
719 3656 853 3704 constituta
869 3656 890 3702 F
908 3653 995 3702 Comm
1012 3660 1139 3701 consecuta
1155 3655 1217 3700 luda
1234 3655 1317 3702 Bonu-

86 3752 135 3800 tfus
160 3748 291 3817 sonstdalti
311 3755 431 3817 asseratur
454 3752 510 3799 coni
527 3749 553 3800 Σ
574 3747 585 3817 ss
605 3757 627 3798 st
644 3749 694 3798 sias
718 3751 788 3797 malit
805 3749 854 3798 Sch
872 3749 946 3797 Ovid.
965 3750 982 3802 l.
995 3764 1015 3796 e.
1034 3749 1083 3798 605
1142 3750 1171 3795 12
1196 3748 1240 3809 els]
1266 3747 1316 3796 illis

88 3834 163 3895 ovis.
181 3847 239 3895 use.
256 3847 280 3893 x
299 3843 378 3913 carp
404 3847 453 3909 qur]
478 3860 539 3906 qaae
562 3845 625 3894 conr.
644 3844 687 3891 uu
704 3844 753 3892 sen
812 3847 843 3892 14
869 3843 943 3892 ovis.
962 3843 1021 3891 uer.
1039 3843 1064 3889 x
1082 3844 1130 3891 ser
1191 3846 1221 3891 rr
1241 3842 1316 3890 cvm.

86 3942 103 3989 l.
116 3943 132 3988 l.
147 3942 195 3990 682
219 3945 272 3989 ‘nee
290 3946 371 4002 grates
388 3943 516 3989 immemor
534 3938 590 4001 egit’
612 3937 622 4006 ΙΙ
648 3939 771 3986 Parnasso
789 3938 828 3986 Bu
881 3939 1121 3986 191aeamFeorr
1137 3938 1181 3985 Mu
1197 3937 1318 3998 (leaenam

87 4034 147 4099 Sch)
168 4033 178 4098 ΙΙ
200 4039 306 4083 ceterum
323 4036 389 4083 hanc
401 4035 567 4083 narrationem
585 4037 639 4082 loeo
658 4050 706 4082 non
724 4048 769 4082 suo
786 4034 835 4093 legi
852 4038 936 4080 monet
946 4033 1053 4080 Bursian
1070 4034 1116 4079 IIB
1127 4031 1213 4080 XCIII
1229 4046 1253 4092 p.
1267 4034 1316 4080 779

156 4132 186 4177 21
207 4130 358 4192 Desmontis]
378 4130 480 4177 ‘effinxit
496 4129 611 4191 Hyginus
629 4143 684 4177 eum
701 4130 727 4175 in
747 4127 841 4176 Graeco
859 4129 993 4188 exemplari
1009 4127 1145 4175 invenisset
1160 4122 1217 4188 περὶ
1233 4123 1318 4175 Μελα-

86 4221 177 4288 νίππης
195 4223 386 4285 (sicDositheus
403 4239 428 4284 p.
441 4219 492 4285 67)ι
508 4221 557 4287 τῆς
574 4218 738 4287 desponsos
756 4223 844 4270 Nauck
861 4228 923 4282 trag.
942 4223 970 4269 fr.
984 4238 1009 4282 p.
1021 4223 1071 4270 408
1089 4225 1221 4282 praeeunte
1238 4221 1315 4279 Wag-

87 4333 154 4367 nero.
182 4320 211 4366 cf.
231 4319 337 4367 Bursian
350 4318 396 4364 IIB
409 4317 494 4366 XCIII
510 4333 533 4378 p.
549 4320 605 4366 784.
641 4317 755 4367 Chironis
768 4323 821 4366 erat
831 4317 883 4365 filia
895 4318 1029 4366 seeundum
1041 4316 1183 4376 Euripidem
1226 4316 1257 4364 2³
1277 4314 1316 4377 [el]

87 4415 146 4461 secl.
163 4414 201 4461 Bu
220 4410 231 4479 ΙΙ
251 4412 409 4472 melanippen
426 4413 447 4458 F
464 4411 599 4473 melanippe
616 4411 703 4460 Comm
