3082 4950
671 224 731 291 127

88 385 211 447 vocant.
234 379 391 462 hodieque
414 378 442 444 si
463 378 591 461 quando
615 396 654 442 ea
675 377 744 444 avis
766 395 836 443 eum
856 376 977 460 piscem
998 379 1163 443 natantem
1184 392 1317 459 conspe-

87 491 181 573 xerit,
203 491 303 557 mittit
325 509 361 557 se
382 490 416 557 in
438 507 553 572 aquam
575 494 766 572 raptumque
787 486 948 571 unguibus
970 486 1156 554 dilaniat.

489 685 664 752 CXCVHII
686 683 793 767 Scylla
814 684 917 751 altera

173 823 279 906 Scylla
293 821 470 888 Crataeidis
488 821 626 887 fluminis
642 822 709 890 filia
724 820 814 902 virgo
827 819 1058 886 formosissima
1072 818 1188 885 dicitur
1201 818 1316 886 trisse:

88 936 172 1002 hanc
186 936 327 1001 Glaucus
344 933 470 1014 amavit,
493 933 649 999 Glaucum
665 938 771 997 autem
783 932 871 998 Circe
884 932 967 997 Solis
981 929 1056 997 filia.
1088 931 1194 1013 Scylla
1209 937 1317 996 autem

88 1064 158 1112 cum
183 1050 314 1111 assueta
339 1050 427 1111 esset
447 1045 480 1109 in
506 1044 586 1109 mari
609 1043 725 1124 lavari,
756 1043 845 1109 Circe
865 1043 949 1109 Solis
970 1041 1037 1107 filia
1059 1047 1190 1125 propter
1212 1042 1346 1110 zelum5

87 1157 328 1233 medicamentis
347 1175 462 1238 aquam
487 1155 680 1238 inquinavit:
709 1173 771 1236 quo
790 1154 982 1236 Scyllaeum
1009 1154 1245 1234 descendisset,
1277 1153 1316 1218 ab

87 1268 270 1350 inguinibus
287 1269 355 1333 eius
372 1286 467 1333 canes
483 1272 559 1332 sunt
576 1266 644 1333 nati
661 1270 756 1348 atquc
772 1264 861 1330 ferox
877 1264 971 1330 facta.
994 1283 1076 1346 quae
1092 1264 1224 1331 iniurias
1241 1283 1317 1331 suas

88 1385 221 1446 executa
249 1384 317 1459 est;
344 1397 418 1444 nam
440 1377 624 1461 Ulyssem
651 1378 933 1459 praenavigantem
962 1376 1085 1442 sociis
1113 1376 1317 1459 spoliavit

564 1600 587 1647 a<
607 1573 656 1640 OC
679 1572 800 1639 Chione

173 1711 251 1777 Cum
272 1710 400 1791 Chione,
422 1710 489 1775 sive
510 1715 546 1775 ut
569 1709 624 1775 alii
644 1717 765 1792 poetae,
780 1708 890 1776 dicunt
906 1710 1087 1791 Philonide,
1109 1710 1316 1778 Daedalionis
1369 1695 1371 1699 ’

87 1825 169 1905 filia,
192 1824 307 1905 Apollo
322 1827 354 1887 et
371 1820 547 1887 Mercurius
569 1840 633 1887 una
652 1826 745 1886 nocte
766 1821 974 1887 concubuisse
991 1821 1114 1888 dicitur.
1138 1841 1176 1888 ea
1192 1823 1317 1905 peperit
1328 1822 1368 1886 10

88 1955 127 2002 ex
144 1935 291 2017 Apolline
315 1933 565 1998 Philammonem
590 1952 630 1998 ex
649 1933 805 1999 Mercurio
825 1932 1023 2014 Autolycum.
1045 1951 1126 2014 quae
1149 1938 1263 2016 postea
1284 1934 1317 2000 in

87 2046 257 2113 venatione
274 2045 305 2109 in
322 2044 458 2109 Dianam
476 2049 526 2109 est
542 2044 650 2110 locuta
667 2045 845 2126 superbius.
877 2045 990 2126 Itaque
1009 2045 1048 2110 ab
1065 2063 1103 2111 aa
1121 2045 1249 2127 sagittis
1267 2051 1317 2112 est

86 2157 263 2223 interiecta
292 2161 326 2221 at
342 2160 435 2239 pater
449 2155 627 2221 Daedalion
649 2157 775 2221 unicam
790 2154 888 2220 filiam
910 2154 1015 2223 flendo
1038 2155 1079 2222 ab
1095 2157 1242 2239 Apolline
1266 2164 1317 2225 est

87 2285 260 2334 conversus
282 2266 316 2332 in
339 2270 441 2348 [avem
463 2266 683 2333 daedaliouem
703 2266 738 2332 id
759 2271 820 2347 est]
843 2265 1082 2348 accipitrem.

512 2490 531 2533 s
567 2463 633 2529 CCI
655 2463 831 2546 Autolycus

168 2599 344 2666 Mercurius
356 2599 521 2682 Autolyco,
544 2618 582 2664 ex
593 2598 714 2665 Chione
728 2617 822 2680 quem
837 2604 1071 2680 procreaverat,
1087 2601 1209 2665 muneri
1226 2602 1316 2667 dedit
1326 2604 1365 2670 15

83 2719 121 2779 ut
136 2711 356 2778 furacissimus
367 2715 461 2777 esset
476 2727 534 2776 nec
551 2711 843 2792 deprehenderetur
856 2710 889 2775 in
904 2709 1004 2791 furto;
1027 2716 1064 2775 ut
1079 2711 1228 2795 quicquid
1246 2733 1315 2779 sur-

83 2824 238 2906 ripuisset
255 2823 288 2888 in
311 2839 531 2904 quamcunque
549 2819 686 2902 effigiem
705 2820 801 2886 vellet
818 2825 1102 2903 transmutaretur,
1132 2841 1170 2889 ex
1192 2825 1314 2891 alboin

83 2936 209 3017 nigrum
226 2933 277 2999 vel
296 2952 334 3000 ex
350 2933 441 3015 nigro
457 2933 488 2998 in
507 2932 629 3012 album,
650 2931 684 2998 in
701 2937 866 3008 cornutam
883 2952 921 2999 ex
938 2934 1049 3001 mutilo
1066 2934 1099 2999 in
1115 2936 1262 3002 mutilum
1277 2956 1315 3002 cx

84 3050 225 3112 cornuto.
255 3044 284 3110 is
310 3062 381 3110 cum
396 3042 524 3126 Sisyphi
549 3061 646 3125 pecus
670 3043 801 3109 assidue
823 3044 979 3110 involaret
996 3063 1054 3111 nec
1074 3046 1115 3112 ab
1141 3065 1178 3112 eo
1202 3053 1316 3129 posset

85 3155 296 3238 deprehendi,
328 3155 430 3220 sensit
456 3173 527 3218 eum
554 3153 673 3219 furtum
703 3153 763 3219 sibi
790 3153 911 3236 facere,
942 3157 1027 3237 quod
1051 3156 1136 3222 illius
1162 3162 1366 3228 numerusto

84 3267 262 3348 augebatur
286 3270 318 3331 et
340 3283 418 3330 suus
434 3265 643 3330 minuebatur.
672 3264 726 3346 qui
744 3269 780 3328 ut
804 3283 875 3330 eum
893 3266 1149 3348 deprehenderet
1171 3268 1203 3333 iu
1220 3287 1314 3350 peco-

83 3397 153 3443 rum
172 3376 300 3459 ungulis
321 3381 429 3442 notam
443 3375 605 3457 imposuit.
634 3375 689 3457 qui
706 3392 777 3442 cum
796 3375 891 3441 solito
915 3396 1002 3444 more
1020 3378 1196 3445 involasset
1214 3385 1247 3445 et
1265 3380 1314 3447 Si-

84 3648 99 3693 2
119 3643 240 3691 ‘laniarat’
258 3642 334 3690 Ovid.
353 3643 368 3689 l.
382 3658 402 3690 c.
418 3645 464 3692 147

152 3740 167 3786 3
185 3738 285 3786 arctetis
296 3738 318 3783 F
335 3737 423 3786 casem
441 3751 508 3785 arror
525 3738 687 3787 vetustiorum
704 3752 759 3809 corr
775 3739 818 3786 Mu
835 3743 892 3800 post
907 3739 953 3786 Nic
964 3738 1094 3787 Heinsium
1112 3742 1144 3788 ad
1163 3740 1238 3790 Ovid.
1255 3743 1313 3792 Met

83 3833 145 3880 xm
164 3835 212 3880 voa
233 3834 282 3880 0011
299 3831 363 3880 Prin.
383 3847 407 3878 n.
425 3832 449 3878 n.
467 3833 506 3878 111
524 3835 538 3880 a
557 3831 634 3879 sonu.
647 3832 670 3892 a,
688 3834 720 3880 aa
732 3823 790 3881 eto
807 3833 927 3881 Marcian.
945 3833 1039 3894 caput
1059 3835 1095 3882 vr
1112 3850 1136 3896 p.
1150 3839 1212 3896 ara,
1234 3841 1264 3886 ta
1282 3839 1313 3885 eu

83 3927 156 3990 Eyss.
175 3926 227 3991 (ubi
239 3925 349 3987 grateide
360 3923 414 3986 BR)
459 3926 472 3971 7
491 3918 661 3990 ἀπεθηριῶθη
675 3926 757 3975 Tacta.
770 3928 802 3975 ad
814 3928 937 3989 Lycophr.
949 3943 973 3988 p.
989 3930 1020 3975 13
1039 3927 1073 3976 st.
1092 3927 1175 3996 atque]
1194 3930 1313 3991 ipsaque?

85 4019 98 4088 Η
109 4036 171 4080 quac
186 4020 263 4081 feroc
281 4019 353 4078 sacta
377 4027 449 4080 atquc
470 4020 573 4068 assurim
597 4022 652 4070 coni
674 4022 717 4069 Mu
737 4018 748 4089 ss
769 4037 830 4081 qaae
855 4019 973 4088 Ιροεεεαῄῐ
1034 4025 1049 4072 8
1074 4024 1100 4071 in
1122 4023 1206 4073 Circes
1230 4026 1314 4073 odium
1364 4013 1366 4018 ’

84 4115 185 4164 sociis
203 4115 366 4175 spoliavit
384 4116 528 4179 Ulyssen
547 4113 620 4162 Ovid.
639 4116 699 4163 Met.
716 4116 776 4163 XIV
796 4121 825 4165 ll

115 4235 118 4244 ·
153 4213 184 4258 14
202 4209 410 4277 condonassent
428 4208 485 4256 Sch.
504 4211 536 4255 ‘et
553 4223 618 4256 nunc
636 4209 757 4272 accipitar¹
777 4208 851 4257 Ovld.
870 4209 927 4258 Met
946 4210 982 4257 XI
1000 4213 1050 4259 344

153 4302 207 4352 ccl
224 4303 309 4350 fabula
332 4303 393 4351 hacc
415 4303 445 4350 de
462 4303 584 4364 Autolyco
601 4304 858 4352 hansformationibus
878 4304 971 4353 inserta
990 4314 1091 4366 propter
1108 4305 1216 4354 Chiones
1234 4306 1311 4354 lilium

86 4400 117 4446 16
136 4395 190 4463 nec]
210 4404 233 4445 et
248 4412 279 4445 aa
296 4397 351 4447 coni
371 4394 396 4446 Σ
