3082 4950
670 233 732 299 137

84 390 151 453 stes
173 386 362 469 Aegisthum
383 386 533 469 Thyestis
553 386 666 453 filium:
689 387 920 471 Megapenthee
936 385 1043 453 Proeti
1064 382 1150 451 filius
1165 385 1316 451 Perseum

83 499 168 563 Iovis
191 503 224 562 et
238 498 366 563 Danaes
380 497 490 579 filium,
511 504 643 581 propter
657 500 759 583 patrie
774 504 921 565 mortem:
943 499 1031 564 Abas
1046 502 1177 580 propter
1191 501 1314 580 patrem

83 611 245 690 Lynceum
260 610 506 692 Megapenthem
523 610 645 676 occidit.
689 611 838 693 Phegeus
853 609 967 692 Alphei
982 608 1067 674 filius
1081 607 1315 690 Alphesiboeae

84 719 170 786 filiae
194 739 271 786 suae
296 719 410 786 filium:
443 725 475 802 Η
484 722 643 804 Amphion
666 723 758 788 Terei
779 721 863 788 filius
894 721 945 786 avi
975 720 1024 786 sul
1049 719 1153 800 filiosl.
1196 722 1315 784 Atreus

85 832 213 914 Pelopis
240 831 325 897 filius
348 833 517 899 Tantalum
546 838 579 898 et
605 834 800 900 Plisthenem
830 833 979 915 Thyestis
1005 831 1089 897 filios
1116 830 1255 896 infantes
1284 825 1345 894 ind

88 943 191 1025 epulis
214 943 346 1026 Thyesti
369 945 533 1026 apposuit:
555 946 671 1027 Hyllus
687 945 833 1011 Herculis
853 943 938 1009 filius
955 942 1139 1009 Sthenelum
1156 942 1319 1023 Electryo·
1426 926 1431 931 ⁵

84 1054 135 1120 nis
157 1054 270 1136 proavi
292 1055 341 1120 sui
357 1055 507 1122 :iratremt
537 1057 652 1122 Medus
676 1057 775 1139 Aegei
796 1055 881 1122 filius
903 1055 1022 1122 Persen
1044 1055 1165 1120 Aeetae
1186 1054 1317 1118 fratrem

86 1167 170 1233 Solis
191 1166 304 1232 filium:
327 1167 490 1233 Daedalus
506 1167 676 1250 Eupalami
696 1168 780 1234 filius
796 1167 960 1233 Perdieem
977 1167 1096 1232 sororis
1119 1183 1197 1231 suae
1218 1164 1317 1231 filium

85 1285 218 1361 propter
239 1277 363 1344 artificii
385 1278 544 1344 invidiam.

304 1476 441 1543 COXLV
464 1476 526 1555 Qui
548 1494 677 1542 soceros
700 1481 734 1542 et
754 1495 890 1559 generos
913 1475 1098 1542 occiderunt

171 1614 265 1679 Iason
281 1613 418 1680 Aesonis
439 1614 524 1679 filius
541 1612 795 1696 †Phlegy0nam.
840 1613 957 1696 Pelops
972 1612 1099 1678 Tantali
1113 1611 1198 1677 lilius
1214 1614 1317 1705 Oeno·
1328 1607 1368 1672 10

86 1743 192 1790 meum
209 1725 323 1790 Martis
337 1724 446 1790 filium.
491 1725 552 1803 Qui
568 1744 703 1807 generos
725 1743 801 1790 suos
818 1725 1015 1790 occiderunt:
1037 1724 1185 1806 Phegeus
1201 1721 1318 1805 Alphei

85 1834 170 1901 filius
193 1836 416 1902 Alcmaeonem
439 1836 625 1919 Amphiarai
646 1836 754 1926 filium,
777 1837 890 1914 †idem
914 1841 946 1901 et
967 1835 1172 1918 Eurypylum.
1215 1836 1318 1900 Aeeta

87 1946 171 2012 Solis
193 1947 277 2012 filius
294 1947 443 2013 Phrixum
466 1948 669 2013 Athamantis
691 1944 799 2014 fillum.
855 1994 860 2005 t

248 2144 403 2212 ooxnvl
426 2145 487 2223 Qui
507 2143 591 2215 filios
613 2163 689 2210 suos
711 2144 744 2211 in
767 2145 869 2226 epulis
892 2144 1159 2226 consumpserunt

173 2281 292 2347 Tereus
304 2281 418 2346 Martis
433 2280 518 2347 filius
533 2301 571 2346 ex
586 2282 707 2347 Procne
718 2281 799 2363 Ityn.
830 2282 987 2383 Thyestes
999 2281 1126 2363 Pelopis
1142 2301 1181 2346 ex
1192 2282 1319 2363 Aerope
1470 2351 1473 2358 ,

87 2393 256 2457 Tantalum
283 2397 316 2458 et
337 2392 542 2458 Plisthenem.
587 2391 757 2474 Clymenus
781 2392 934 2459 Schoenei
960 2391 1045 2458 filius
1076 2411 1115 2458 ex
1136 2393 1318 2475 Harpalyce
1327 2390 1368 2456 15

85 2503 153 2569 filia
173 2502 271 2583 filium
294 2522 395 2569 suum.

326 2700 496 2766 COXLVH
518 2700 578 2779 Qui
601 2719 622 2766 a
643 2700 775 2766 canibus
798 2700 977 2782 consumpti
998 2706 1074 2767 sunt

170 2838 311 2903 Actaeon
333 2837 474 2904 Aristaei
493 2836 587 2903 filius.
631 2837 791 2918 Thaslilus
812 2836 902 2918 Delo,
924 2837 998 2903 Anii
1020 2839 1197 2906 sacerdotis
1221 2840 1318 2922 Apol-

89 3100 100 3144 1
120 3096 255 3145 missurn
279 3111 334 3145 corr
351 3096 438 3144 comm
497 3100 511 3146 3
534 3097 778 3158 megapentheumll
803 3111 857 3145 eurr
876 3096 925 3145 Seh
949 3097 984 3162 (in
1003 3097 1172 3147 commehana
1189 3115 1317 3161 maqapen·

83 3191 150 3239 theut
167 3217 200 3227 —-
216 3191 412 3252 magapeuthcum
429 3207 459 3239 ex
477 3206 558 3240 errore
576 3191 763 3253 typographico)
783 3188 793 3258 ΙΙ
813 3192 970 3252 phegueusF
989 3207 1034 3240 em.
1054 3193 1140 3241 Oomm
1160 3192 1170 3261 ss
1182 3194 1273 3254 filiae*
1291 3192 1316 3243 Σ

86 3289 102 3334 4
121 3286 246 3347 ‘amphion
261 3323 266 3333 .
280 3320 305 3334 ..
323 3285 404 3348 fllios']
422 3301 468 3334 nec
485 3300 547 3334 sana
564 3287 626 3333 haec
643 3302 689 3334 nec
705 3286 801 3345 integra
813 3287 873 3334 Sehr
892 3292 988 3347 poterat
1006 3289 1097 3335 addere
1114 3303 1145 3335 ne
1162 3303 1206 3337 suo
1219 3289 1318 3349 quidem

84 3384 139 3429 loeo
158 3395 212 3430 esse
230 3382 311 3442 posita
334 3381 378 3430 sed
401 3382 433 3428 ad
458 3380 545 3441 capitia
563 3381 660 3428 initium
678 3382 806 3442 pertinere.
834 3382 945 3429 ordinem
962 3381 1090 3439 restitues,
1116 3383 1137 3431 si
1154 3382 1319 3444 Amphionem

84 3480 142 3537 post
159 3477 289 3535 Theseum,
308 3476 403 3523 Peliam
421 3480 477 3535 post
488 3474 611 3535 Phegeum
624 3475 749 3523 traieceris
762 3476 830 3536 (nam
843 3478 905 3524 alter
918 3476 1054 3525 avunculos
1072 3478 1134 3524 alter
1146 3478 1228 3525 fratris
1240 3479 1318 3526 filium

85 3571 205 3620 occidisse
229 3570 329 3632 dicitur)
355 3570 404 3617 nisi
417 3544 591 3630 'Amphionem
615 3573 672 3630 post
695 3570 830 3630 Telephum
851 3571 943 3617 inferre
965 3570 1037 3618 malis
1096 3574 1119 3619 5.
1138 3576 1152 3621 6
1171 3573 1266 3620 thiestis
1284 3599 1319 3609 -

83 3664 167 3713 thiesti
184 3666 205 3710 F
222 3680 278 3712 corr
294 3663 381 3712 (lomm
428 3665 443 3710 6
461 3664 553 3724 phillus
571 3665 592 3710 P
610 3663 691 3712 Hellas
709 3665 765 3711 ldie.
784 3665 800 3710 i.
819 3679 844 3711 m
861 3665 949 3724 Hyllus
966 3663 1087 3712 Mencker
1137 3669 1152 3714 8
1170 3667 1318 3727 perdicenF

84 3774 139 3807 corr
157 3758 244 3807 Gomm
262 3758 303 3823 (ef.
323 3758 373 3806 fab.
392 3757 527 3822 XXXllII)

155 3858 186 3903 10
195 3852 310 3915 filiast*
328 3853 487 3912 Hulegyoaam
506 3853 548 3899 Mu
564 3853 635 3914 filiius
652 3852 762 3902 Aeetam.
780 3854 851 3901 Ixion
869 3854 986 3915 Phlegyae
995 3854 1066 3915 filiae
1084 3854 1213 3903 Deioneum
1233 3856 1318 3917 Lange

84 3964 108 4009 p.
121 3950 154 3996 41
173 3948 277 3996 Videtur
301 3948 378 3995 ‘Ixion
396 3947 511 3994 Antionis
529 3947 594 3994 filius
612 3947 665 3994 sive
682 3948 807 4010 Phlegyae
824 3949 963 3996 Deioneum
980 3949 1067 4010 Euryti
1089 3949 1175 3998 fllium'
1199 3952 1318 4013 seriptum

84 4043 167 4090 fuisse.
195 4043 226 4090 el.
245 4043 386 4102 Wesseling
403 4043 478 4090 Diod.
496 4043 547 4089 1111
565 4041 597 4090 70
616 4042 691 4089 schel.
710 4042 792 4102 Apoll.
811 4043 857 4089 Rh.
875 4039 944 4091 Γ69
963 4058 987 4104 p.
1001 4046 1050 4091 452
1111 4048 1141 4094 11
1161 4047 1318 4106 phlegeusF
1400 4042 1402 4047 ’

85 4137 115 4183 ci.
134 4137 184 4184 sab.
204 4135 344 4186 ccxnnn
398 4143 428 4186 13
447 4135 586 4197 eurypilum
604 4137 624 4182 1⁴¹
645 4133 655 4203 {l
674 4138 796 4200 phryxum
814 4139 835 4183 F
854 4152 908 4184 eorr
926 4137 1013 4186 Ocmm

155 4234 186 4278 14
204 4246 299 4293 progne
316 4234 337 4278 F
362 4247 417 4280 corr
434 4231 477 4278 Mu
495 4227 506 4296 ss
526 4232 584 4279 Ytin
602 4233 623 4279 y
640 4233 697 4292 Ityn
714 4233 801 4281 Comm
820 4229 831 4300 ΙΙ
847 4232 948 4280 thiestes
965 4235 986 4280 1o
1008 4249 1063 4281 corr
1080 4234 1167 4282 Comm
1226 4235 1257 4281 15
1276 4235 1318 4281 cli-

83 4341 170 4374 manue
188 4329 208 4373 T
227 4341 281 4374 corr
299 4325 319 4373 (l
340 4325 350 4390 ΙΙ
370 4325 496 4386 harpalice
512 4327 533 4372 F

156 4424 185 4469 ll
206 4421 306 4468 aristhei
325 4421 346 4467 F
364 4435 419 4469 corr
436 4421 475 4467 Bu
496 4416 506 4487 fl
527 4422 624 4470 thasius
641 4422 662 4468 F
679 4422 762 4469 thaam
779 4421 835 4470 ulie.
854 4423 870 4469 i.
889 4437 914 4469 m
938 4424 993 4470 coll.
1013 4421 1087 4470 Ovid.
1106 4422 1142 4471 lb.
1161 4425 1211 4471 476
1228 4423 1317 4484 (schol.
