3082 4950
683 224 745 290 143

96 383 224 462 perent,
252 378 414 460 vitamque
434 379 544 444 Moero
571 378 800 444 concessit-
844 377 1039 443 Harmodius
1068 384 1102 444 et
1123 377 1330 459 Aristogiton.

97 490 209 569 tidem
232 490 265 555 in
282 489 390 556 Sicilia
411 491 548 555 eundem
563 489 724 556 Phalarim
740 489 934 555 Harmodius
951 507 1021 554 cum
1040 490 1138 555 vellet
1152 487 1330 555 interficere

96 600 310 667 simulationis
332 619 432 668 causa
454 600 590 667 scrofam
611 599 768 683 porcellos
791 600 960 666 habentem
982 601 1098 666 occidit
1126 607 1159 667 et
1178 601 1266 667 vemt
1287 602 1329 666 ad

95 711 347 795 Aristogitonem
366 712 500 779 amicum
519 731 612 777 suum
631 730 708 777 ense
725 711 970 793 sanguinolento
985 711 1125 794 dicitque
1142 731 1177 778 se
1195 717 1328 778 matrem

95 823 295 890 interfecisse
316 828 472 906 rogatque
493 843 563 888 eum
586 828 622 887 ut
651 841 688 888 se
709 823 836 889 celaret.
866 822 919 906 qui
949 841 1018 888 cum
1042 823 1081 888 ab
1112 842 1150 889 eo
1173 819 1358 891 celaretnr5

95 936 222 1018 rogavit
243 925 492 1020 Aristogitonem
518 939 555 999 ut
577 934 824 1016 progrederetur
844 952 1051 1015 rumoresque
1073 935 1127 1016 qui
1156 943 1266 1001 esseut
1288 937 1328 1002 do

96 1055 199 1114 matre
211 1047 272 1112 sihi
287 1047 495 1112 renunciaret.
518 1044 675 1110 **nullos
694 1064 767 1111 esse
782 1064 935 1110 rumores.
958 1046 1012 1127 qui
1030 1065 1164 1128 uespere
1180 1046 1227 1112 ita
1239 1047 1328 1112 litem

97 1163 321 1224 contraxerunt
341 1164 377 1223 ut
400 1157 481 1222 alius
505 1157 567 1222 alio
591 1157 717 1239 potiora
737 1157 926 1239 ingererent.
956 1176 1014 1222 nec
1035 1157 1108 1222 ideo
1129 1158 1329 1240 Aristogiton

95 1270 196 1334 voluit
218 1269 354 1335 obiicere
380 1288 452 1334 eum
480 1273 613 1334 matrem
643 1267 851 1333 interfecisse.
883 1267 933 1332 cui
955 1268 1149 1335 Harmodius
1178 1268 1329 1351 patefecit

96 1400 132 1446 se
148 1381 284 1446 scrofam
299 1378 458 1463 porcellos
475 1379 646 1444 habentem
665 1378 875 1458 interfecisse,
893 1384 926 1443 et
940 1378 1012 1444 ideo
1030 1377 1183 1445 ‘matrem’
1201 1379 1328 1447 dixisse.
1339 1377 1380 1441 10

96 1493 147 1558 cui
168 1492 289 1557 indicat
311 1510 347 1556 se
367 1510 475 1573 regem
498 1490 580 1556 velle
601 1489 779 1556 interficere
801 1495 956 1571 rogatque
979 1470 1066 1570 eum,
1094 1497 1131 1555 at
1157 1492 1217 1557 sihi
1240 1493 1329 1557 adin-

95 1605 178 1669 torio
200 1611 295 1668 esset
318 1602 372 1684 qui
394 1620 464 1666 cum
487 1601 529 1666 ad
550 1620 658 1685 regem
680 1601 931 1667 interficiendum
955 1602 1118 1667 venissent
1137 1603 1330 1685 deprehensi

96 1720 171 1780 sunt
199 1733 220 1780 a
247 1712 441 1779 satellitibus
472 1712 602 1792 armati;
633 1718 666 1778 ct
696 1730 765 1778 cum
797 1713 1049 1795 perducerentur
1077 1714 1118 1778 ad
1149 1722 1329 1797 tyrannum,

96 1825 293 1907 Aristogiton
314 1843 334 1889 a
353 1823 546 1889 satellitibus
564 1823 683 1905 effugit
727 1823 921 1888 Harmodius
939 1828 1045 1889 antem
1065 1824 1152 1891 solus
1171 1845 1241 1892 cum
1257 1846 1329 1908 pcr-

96 1938 211 2002 ductns
234 1940 322 2001 esset
344 1936 386 2001 ad
408 1953 525 2017 regem,
548 1940 799 2017 quaererentque
822 1934 861 2000 ab
884 1953 921 1999 eo
938 1935 1010 2016 quis
1033 1934 1061 2000 ei
1080 1934 1196 2002 luisset
1212 1955 1327 2020 comes,
1338 1930 1378 1996 15

95 2047 150 2113 ille
167 2028 212 2113 he
233 2046 368 2113 amicum
390 2047 554 2129 proderet,
581 2045 722 2128 linguam
752 2045 900 2111 dentibus
929 2044 990 2111 sibi
1012 2047 1169 2129 praecidit
1196 2068 1329 2132 eamque

94 2159 180 2241 regis
202 2157 368 2224 infaciem
390 2157 531 2240 inspuit]
565 2158 674 2238 [Nisus
697 2176 768 2224 cum
790 2159 929 2240 Euryalo
952 2176 1010 2224 suo
1032 2178 1090 2240 pro
1112 2178 1174 2253 quo
1197 2167 1231 2226 et
1245 2181 1328 2230 mor·

96 2275 172 2336 tuus
195 2273 264 2350 est]
817 2287 819 2291 ’

426 2464 593 2546 [CCLVIII
614 2467 733 2531 Atreus
756 2470 789 2531 et
812 2465 991 2548 Thyestesl.

180 2605 310 2682 [Atreus
333 2605 366 2667 et
387 2600 544 2683 Thyestes
573 2601 715 2684 germani
742 2620 813 2667 cum
840 2602 872 2667 in
896 2602 1098 2668 dissensione
1125 2603 1186 2670 sibi
1214 2624 1327 2672 nocere

94 2731 159 2780 nou
181 2716 315 2796 possent
336 2712 368 2777 iu
391 2711 572 2778 simulatam
587 2714 734 2794 gratiam
756 2714 929 2779 redierunt.
951 2732 1015 2796 qna
1039 2716 1206 2781 occasione
1224 2716 1378 2798 Thye-ao

95 2830 163 2890 stes
185 2841 256 2890 cum
276 2822 386 2888 fratris
407 2842 507 2891 uxore
529 2823 708 2890 concubuit.
751 2826 869 2891 Atreus
892 2843 967 2891 uero
995 2825 1023 2891 ei
1045 2824 1143 2890 filium
1166 2828 1326 2909 epulando

95 2935 254 3018 apposuit
276 2953 359 3016 quae
381 2935 429 3001 sol
452 2935 517 3000 ne*
538 2916 734 3018 pollueretur
755 2935 887 3018 aufugit.
930 2936 995 3002 Sed
1014 2937 1158 3004 veritatis
1179 2940 1240 3006 hoc
1263 2946 1327 3007 est:

15 3080 17 3084 Α
95 3047 226 3113 Atreum
248 3046 336 3128 apud
350 3047 501 3129 Mycenas
515 3047 651 3130 primum
671 3047 748 3113 solis
766 3046 899 3130 eclipsin
917 3048 1087 3132 invenisse,
1108 3050 1158 3117 cui
1181 3051 1327 3119 invidens
1358 3055 1360 3059 '

94 3157 194 3225 frater
215 3177 254 3224 ex
274 3156 353 3224 urbe
375 3158 570 3224 discessit..
586 3162 605 3239 .]

902 3415 928 3457 t'rr
942 3416 1028 3458 sicilia
1040 3416 1168 3459 Phalarim

97 3475 110 3519 1
130 3469 255 3518 armodius
273 3468 294 3515 F
312 3468 445 3532 [armodius
463 3473 488 3514 et
504 3466 658 3529 aristogiton]
677 3468 731 3515 dem
748 3469 791 3516 Mn
808 3469 872 3517 imo:
899 3469 1003 3535 llhlidem
1020 3472 1117 3519 eundem
1134 3471 1282 3521 Harmodius
1301 3471 1325 3524 Σ

97 3569 110 3614 I
129 3565 244 3612 lacunam
256 3563 378 3611 vocabulo
398 3559 446 3628 loe'tl
465 3563 557 3623 expleri
575 3561 644 3610 iubet
655 3562 771 3610 Barthius
784 3560 794 3629 ΙΙ
808 3561 860 3628 {irdl
879 3564 915 3611 ita
932 3567 995 3613 coni.
1013 3565 1062 3614 Sch
1116 3568 1146 3614 12
1164 3567 1326 3627 depraehensi

95 3659 115 3706 F
134 3671 189 3705 corr
207 3656 294 3704 Comm
346 3658 377 3703 14
396 3656 559 3706 ermodiasF
612 3657 643 3704 ll
661 3657 730 3717 Virg.
748 3658 809 3705 Aen.
828 3659 866 3705 IX
885 3660 933 3708 lto

163 3750 289 3799 CCLVIII
305 3750 376 3798 illata
393 3766 406 3799 e
425 3750 494 3799 Serv.
513 3750 574 3798 Aen.
593 3751 606 3797 Ι
624 3751 674 3799 568
692 3764 716 3810 p.
732 3754 764 3800 93
782 3752 858 3814 myth.
880 3753 1032 3815 Vetula,
1054 3757 1083 3804 lo
1102 3770 1126 3816 p.
1139 3757 1197 3813 ²09,
1217 3756 1325 3804 ill-aa

97 3843 261 3911 ilthiestesll
282 3844 382 3904 toycam
400 3843 487 3892 comm
546 3846 577 3892 ts
596 3844 697 3892 thiestes
715 3845 736 3891 F
761 3859 800 3893 em
818 3845 904 3894 Oomm
965 3851 997 3899 20
1019 3848 1159 3898 thiestesF
1183 3866 1221 3899 em
1238 3850 1326 3898 comm

96 3941 127 3988 21
147 3937 293 3998 spectandum
310 3938 358 3987 Sch
381 3937 497 3987 eServio
522 3937 609 4004 (myth.
628 3938 696 4003 Vat.)
717 3940 783 3998 filios
806 3940 938 4001 epulandos
960 3943 1015 3990 coni
1033 3940 1058 3992 Σ
1111 3947 1143 3993 22
1161 3959 1190 3991 ne
1208 3942 1324 4011 irridendo}

96 4031 166 4082 Serv.
184 4031 250 4093 qood
268 4031 308 4080 Sol
323 4032 406 4080 eidem
422 4048 453 4080 ae
469 4033 545 4093 myth.
564 4032 620 4079 Vnt.
642 4029 651 4098 [Ι
672 4034 811 4095 auffugith*
829 4051 883 4083 corr
901 4035 987 4083 Gomm
1000 4032 1010 4102 ΙΙ
1029 4037 1141 4088 veritatis
1159 4045 1240 4087 autem
1257 4041 1326 4088 quta

96 4127 209 4176 Servium
226 4125 351 4175 tantillum
368 4133 406 4176 eet
423 4128 499 4188 myth.
514 4126 570 4175 Vnt
623 4128 654 4174 23
673 4129 816 4188 eclipsimF
833 4131 910 4190 myth.
930 4131 986 4177 Vnt.
1003 4131 1114 4192 eclypsin
1133 4133 1194 4181 Serv
1247 4137 1278 4183 24
1296 4149 1327 4182 ee

96 4236 137 4269 om
155 4221 216 4268 Serv
235 4215 247 4288 Ι
265 4227 375 4282 tempore
392 4236 441 4282 qno
459 4221 511 4270 eius
528 4221 633 4282 probata
650 4228 708 4270 sunt
725 4222 790 4271 dieta
808 4223 876 4271 Serv.
895 4224 971 4284 myth.
988 4224 1046 4274 Vnt.
