3082 4950
745 216 785 282 97

150 372 274 438 cithara
296 370 329 436 in
351 370 557 436 tabernaculo
580 388 615 435 se
638 370 814 436 exercebat.
858 369 950 448 Quod
974 388 1043 435 cum
1059 370 1169 452 Argivi
1190 371 1230 437 ab
1246 371 1385 437 Hectore

149 483 340 566 fugarentur
354 482 494 548 Achilles
511 481 697 563 obiurgatus
713 501 733 546 a
750 482 898 547 Patroclo
917 500 1006 548 arma
1022 501 1082 549 sua
1105 482 1133 549 ei
1153 482 1295 563 tradidit,
1317 484 1385 565 qui·

151 595 210 661 bns
232 593 287 659 ille
304 594 459 660 Troianos
479 593 604 674 fugavit
625 592 845 658 existimantes
863 593 1019 659 Achillem
1042 612 1131 674 esse,
1154 594 1386 676 Sarpedonem-

151 725 214 788 que
234 706 320 772 Iovis
343 710 376 770 et
397 705 546 786 Europae
567 702 667 768 filium
689 704 814 770 occidit.
842 710 958 786 postea
979 705 1049 786 ipse
1072 704 1238 770 Patroclus
1263 705 1303 771 ab
1320 705 1386 771 He-

152 822 239 884 ctore
254 816 444 884 interdicitur
460 834 612 898 armaque
626 816 656 881 ei
672 820 747 881 sunt
761 817 917 882 detracta.
961 815 1108 882 Patroclo
1127 817 1231 883 occiso
1246 812 1416 883 Achilleae

153 947 223 995 cum
241 932 476 1011 Agamemnone
499 929 582 994 redit
601 927 785 1009 ingratiam
808 927 1071 1008 *Briseidamque
1091 926 1120 992 ei
1140 927 1289 993 reddidit
1319 932 1386 993 tum

153 1046 264 1106 contra
285 1040 457 1106 Hectorem
480 1058 550 1104 cum
572 1037 702 1104 inermis
724 1040 902 1121 prodisset,
933 1038 1042 1104 Thetis
1071 1043 1174 1103 mater
1201 1056 1221 1103 a
1243 1038 1387 1104 Vulcano

152 1170 242 1217 arma
256 1151 285 1216 ei
300 1150 492 1232 impetravit,
513 1168 596 1232 quae
610 1150 764 1216 Nereides
781 1169 839 1233 per
854 1170 940 1216 mare
955 1149 1138 1216 attulerunt.
1161 1148 1276 1230 quibus
1290 1149 1387 1215 armis

152 1261 206 1328 ille
221 1262 392 1328 Hectorem
408 1260 524 1327 occidit
538 1260 768 1343 astrictumque
792 1263 837 1326 ad
861 1280 1011 1327 currum
1035 1260 1164 1326 traxit
1185 1260 1291 1325 circa
1306 1279 1387 1326 mu·

154 1392 222 1439 ros
238 1374 455 1439 Troianorum.
477 1391 571 1454 quem
587 1371 805 1454 sepeliendum
823 1391 893 1438 cum
912 1372 997 1455 patri
1012 1372 1113 1437 nollet
1133 1373 1220 1452 dare,
1242 1371 1388 1436 Priamus
1399 1368 1439 1433 10

153 1486 239 1551 Iovis
262 1485 353 1552 iussu
376 1485 457 1550 duce
471 1483 629 1549 Mercurio
652 1483 684 1549 in
707 1489 815 1549 castra
829 1485 1013 1549 Danaorum
1036 1483 1124 1548 venit
1145 1488 1177 1548 et
1192 1481 1249 1547 filii
1272 1500 1387 1563 corpus

153 1614 232 1662 auro
255 1614 425 1678 repensum
447 1595 586 1676 accepit:
608 1613 701 1676 quem
726 1595 912 1677 sepulturae
932 1593 1074 1660 tradidit.

547 1790 635 1877 evit
654 1793 824 1857 Armorum
845 1790 995 1857 iudicium

240 1929 378 1995 Hectore
400 1928 526 2011 sepulto
555 1947 626 1994 cum
648 1927 787 1994 Achilles
810 1929 894 1994 circa
919 1926 1045 1993 moenia
1061 1928 1269 1994 Troianorum
1292 1946 1390 2011 vaga-

154 2045 244 2107 retur
261 2058 299 2105 ac
325 2039 459 2120 diceret,
481 2058 516 2106 se
539 2037 641 2105 solum
661 2039 787 2105 Troiam
808 2057 1025 2122 expugnasse,
1055 2038 1170 2121 Apollo
1194 2040 1296 2106 iratus
1315 2041 1389 2106 Ale-

155 2152 311 2219 xandrum
326 2151 422 2217 Parin
439 2169 474 2216 se
491 2151 645 2217 simulans
661 2151 776 2232 talum,
806 2170 899 2232 quem
915 2151 1082 2217 mortalem
1096 2150 1249 2217 habuisse
1265 2151 1390 2234 dicitur,
1401 2146 1441 2212 15
1492 2164 1502 2184 ·

155 2262 277 2345 sagitta
299 2261 460 2345 percussit
482 2268 515 2327 et
543 2262 667 2327 occidit.
717 2262 840 2327 Achille
865 2261 969 2327 occiso
996 2281 1033 2328 ac
1059 2263 1244 2344 sepulturae
1268 2264 1389 2330 tradito

156 2375 237 2440 Aiax
260 2373 472 2454 Telamonius,
494 2374 579 2454 quod
600 2372 701 2438 frater
721 2372 877 2455 patruelis
901 2373 970 2443 eius
991 2371 1065 2453 fuit,
1085 2376 1261 2454 postulavit
1282 2395 1302 2442 a
1324 2376 1388 2441 Da-

156 2485 237 2567 nais,
257 2490 294 2551 ut
316 2503 405 2553 arma
426 2484 488 2551 sibi
502 2484 634 2551 Achillis
656 2486 784 2550 darent:
807 2504 889 2566 quae
913 2483 955 2569 leil
978 2484 1027 2550 ira
1042 2484 1204 2552 Minervae
1221 2486 1390 2569 abiurgata

157 2602 233 2664 sunt
260 2597 301 2662 ab
323 2599 560 2679 Agamemnone
589 2601 622 2661 et
650 2597 811 2677 Menelao,
841 2601 873 2661 et
895 2595 1006 2677 Ulyssi
1037 2597 1122 2662 data.
1167 2597 1249 2662 Aiax
1275 2598 1391 2664 iniuria

156 2712 289 2791 accepta
308 2727 367 2791 per
380 2706 537 2773 insaniam
553 2725 670 2788 pecora
687 2712 793 2773 suaet
810 2706 966 2789 seipsum
983 2709 1266 2784 †vulneratum
1288 2700 1454 2776 *mc-m·

158 2821 237 2887 cidit
258 2837 295 2886 eo
318 2818 440 2903 gladio,
462 2836 556 2901 quem
578 2818 618 2884 ab
641 2819 780 2886 Hectore
802 2817 926 2884 muneri
947 2819 1086 2902 accepit,
1108 2821 1185 2887 dum
1206 2838 1277 2887 cum
1298 2841 1336 2888 eo
1358 2823 1391 2889 in

158 2932 228 2999 acie
250 2915 421 2998 contendit

543 3160 553 3177 ι’
568 3135 670 3202 CVIII
692 3137 801 3217 Equus
824 3135 980 3203 Troianus

245 3270 359 3337 Achivi
374 3289 445 3337 cum
459 3289 516 3354 per
531 3271 640 3338 decem
655 3290 756 3338 annos
769 3271 897 3338 Troiam
912 3291 1025 3354 capere
1040 3291 1103 3337 non
1119 3276 1261 3354 possent,
1282 3272 1391 3354 Epeus

159 3383 281 3451 monitu
302 3383 465 3450 Minervae
487 3401 602 3464 equum
631 3383 730 3450 mirae
751 3383 980 3466 magnitudinis
1005 3383 1145 3465 ligneum
1172 3383 1261 3464 fecit;
1292 3401 1392 3466 eoque

160 3642 392 3693 eaestImantesa*
415 3657 470 3689 corr
488 3639 513 3691 Σ
566 3645 581 3689 5
607 3641 698 3690 eiusll
723 3657 778 3689 corr
796 3641 844 3689 Sch
897 3641 1061 3692 everbornm
1086 3643 1209 3690 defectum
1231 3641 1392 3693 indicavit}

162 3733 404 3803 libriseidamquell
447 3740 461 3785 9
482 3734 531 3802 lteri
550 3736 640 3784 caream
657 3737 721 3784 coni.
742 3734 766 3786 Σ
784 3737 833 3784 inc.
851 3738 907 3798 epit.
925 3737 996 3785 Iliad.
1016 3738 1090 3786 1003.
1111 3737 1176 3787 1004
1230 3740 1260 3785 12
1280 3752 1339 3786 auro
1357 3754 1394 3786 re-

160 3832 273 3894 pensum]
292 3831 369 3880 schol.
386 3831 408 3877 B
426 3832 499 3878 Hom.
517 3832 547 3878 Il.
565 3827 591 3880 X
610 3833 658 3880 351

232 3928 264 3973 18
284 3923 319 3991 leil
338 3926 388 3973 add
406 3924 454 3973 Sch
473 3921 483 3992 ΙΙ
502 3924 645 3972 abiudicata
662 3925 717 3974 coni
734 3925 791 3973 Hic.
805 3926 821 3972 i.
834 3941 873 3985 m,
891 3925 1029 3986 abnegata?
1075 3928 1115 3974 19.
1135 3927 1166 3973 20
1184 3926 1248 3974 furia
1262 3928 1395 3988 acceptall

162 4020 226 4068 iuria
244 4025 363 4080 concepta
380 4020 423 4066 Mu
448 4035 502 4067 corr
521 4018 546 4069 Σ
567 4016 577 4087 ΙΙ
597 4020 697 4068 ordnera
714 4027 763 4067 tam
789 4019 896 4086 ldena'qaa
908 4011 1017 4091 pasaaml
1043 4019 1099 4068 coni
1115 4018 1142 4070 ΙΣ
1165 4022 1223 4069 coll.
1242 4020 1316 4068 Ovid.
1336 4021 1394 4069 Met.

161 4114 226 4163 xm
244 4117 290 4164 391
327 4115 460 4162 Armorum
483 4114 600 4163 iudicium
618 4115 769 4176 scripserunt
786 4115 923 4176 Aeschylus
940 4115 1064 4162 Pacuvius
1081 4115 1163 4164 Attius
1180 4116 1344 4176 Pomponius,
1371 4118 1396 4163 at

162 4208 276 4258 Leschsn
294 4209 404 4268 sequitur
421 4214 505 4257 noster
522 4211 539 4256 l.
551 4211 571 4270 1,
590 4215 701 4258 nostrum
719 4214 817 4258 secutus
835 4214 888 4257 erat
899 4209 1033 4258 Dositheus
1051 4225 1075 4270 p.
1090 4212 1120 4260 67
1140 4209 1209 4257 euius
1227 4215 1325 4258 servata
1342 4215 1395 4257 tan·
1487 4222 1493 4231 ·

162 4310 216 4351 tum
233 4308 271 4351 est
288 4302 416 4363 susceptio
435 4300 492 4366 napi
511 4294 594 4355 ὅπλων
612 4301 728 4368 κρίσεως.
748 4305 778 4351 de
796 4318 920 4351 armorum
937 4302 1027 4351 iudicio

233 4399 266 4446 94
283 4397 346 4445 mira
362 4398 383 4444 F
402 4413 457 4445 corr
474 4396 561 4445 Comm

216 4491 244 4530 M.
256 4489 356 4537 Schmidt,
371 4491 445 4538 Hygini
458 4491 543 4535 Fabulae
