3082 4950
735 244 799 311 145

152 383 252 465 (unde
268 392 301 451 et
315 387 442 456 iascelis
459 393 582 476 dicitur,
604 416 666 462 non
684 403 810 465 tantum
825 393 975 486 lfacelitisl
991 400 1094 468 aiace
1109 421 1179 468 curn
1198 422 1261 486 qua
1278 403 1381 487 pingi-

151 498 213 578 tur,
234 504 365 580 propter
388 505 473 585 quod
493 511 528 570 et
548 507 696 574 Lucifera
717 510 846 592 dicitur)
868 516 902 576 et
923 512 1062 578 Ariciam
1084 513 1207 579 detulit.
1231 515 1289 580 sed
1310 533 1381 580 cum

150 611 266 688 postea
279 610 431 680 Romanis
447 634 609 684 sacrorum
625 620 796 687 crudelitas
812 621 1005 704 displiceret,
1028 643 1208 707 quanquam
1226 625 1309 691 serui
1324 625 1381 690 im-

151 721 354 805 molarentur,
377 726 420 791 ad
437 728 582 795 Laconas
601 731 725 812 [Diana]
741 732 900 798 translata
922 735 997 817 testi,
1019 735 1072 800 ubi
1088 735 1234 802 sacrificii
1250 755 1382 802 consue-

150 835 229 901 tudo
245 836 483 906 adolescentum
497 842 682 908 verherihus
699 845 896 926 seruabatur,
915 846 968 927 qui
985 847 1179 912 vocabantur
1189 851 1411 932 dupovimah
1490 884 1492 893 ,

152 950 227 1033 quia
256 951 320 1016 aris
353 953 593 1036 sup[p]erpositi
623 956 872 1036 contendebant,
905 956 958 1038 qui
988 957 1082 1039 plura
1110 963 1222 1040 posset
1252 959 1383 1024 uerbera

152 1063 319 1130 sustinere·
362 1064 486 1130 Orestis
514 1084 589 1131 vero
616 1085 692 1132 ossa
719 1066 760 1132 ds
781 1066 888 1133 Aricia
908 1068 1041 1133 Romam
1067 1069 1227 1135 translata
1254 1075 1329 1135 suut
1351 1076 1383 1136 et

153 1175 282 1242 condita
303 1180 378 1240 ante
398 1176 553 1258 templum
575 1177 721 1258 Saturni,
750 1179 835 1261 quod
858 1184 909 1245 est
937 1184 1012 1246 ante
1041 1181 1155 1246 clivum
1178 1182 1382 1264 capitolinum

151 1288 241 1354 iuxta
262 1285 458 1354 Concordiae
479 1289 653 1371 templum]

546 1485 687 1552 OOLXII
709 1535 716 1550 .
739 1535 747 1552 .
770 1536 779 1553 .
801 1486 987 1553 CCLXVIII

707 1597 824 1663 desunt

437 1706 646 1792 lOGLXVIIII
668 1707 728 1787 Qui
751 1708 939 1791 amplissimi
960 1709 1095 1795 fuerunt!

237 1842 428 1909 ****Iovis
450 1850 483 1911 et
496 1845 644 1927 Europae
665 1843 759 1912 filius.
803 1843 927 1928 (lycous
950 1847 1032 1912 alter
1047 1845 1160 1912 Martis
1181 1846 1266 1913 filius
1289 1866 1381 1930 quem
1392 1847 1433 1910 10

152 1957 236 2022 idem
259 1955 415 2022 Hercules
436 1956 560 2022 occidit

460 2126 597 2194 OOLXX
619 2127 681 2207 Qui
701 2127 924 2194 formosissimi
945 2128 1074 2194 fuerunt

237 2263 344 2330 Iasion
366 2263 495 2342 †Ihthii
515 2262 611 2343 filius,
632 2283 725 2347 quem
742 2265 860 2331 (lares
883 2265 999 2330 dicitur
1013 2284 1149 2347 amasse,
1172 2266 1257 2348 quod
1274 2266 1379 2347 ipsum

152 2377 296 2445 historiis
319 2377 467 2441 creditur.
511 2375 644 2458 Cinyras
666 2375 768 2458 Paphi
788 2374 873 2441 filius
895 2395 952 2442 rex
968 2375 1180 2459 Assyriorum.
1225 2376 1381 2442 Anchises

153 2489 305 2559 Assaraci
319 2486 414 2568 filius,
435 2505 528 2570 quem
542 2487 675 2553 Venus
690 2486 816 2553 amavit
851 2487 1044 2568 [Alexander
1058 2486 1149 2553 Paris
1164 2487 1283 2554 Priami
1297 2486 1382 2553 filius

154 2608 187 2670 et
214 2600 366 2667 Hecubae
397 2616 490 2681 quem
518 2598 643 2664 Helena
674 2603 786 2665 secuta
815 2603 872 2666 est.
923 2600 1040 2665 Nireus
1070 2599 1248 2681 Charopils]
1276 2597 1433 2682 filiuslih

154 2713 315 2798 Cephalus
329 2709 503 2777 Pandionis
524 2708 608 2776 fidus
631 2728 724 2792 quem
746 2713 899 2775 Aurora
921 2709 1053 2785 amavit:
1077 2710 1231 2776 Tithonus
1251 2711 1385 2778 Laome-

154 2824 262 2893 dontis
284 2822 368 2888 filius
387 2823 531 2887 Aurorae
547 2821 696 2887 coniunx:
718 2821 981 2904 Parthenopaeus
999 2819 1153 2904 Meleagri
1170 2826 1202 2886 et
1217 2821 1386 2888 Atalantes

153 2937 248 3004 filius.
291 2934 431 3002 Achilles
454 2934 543 3000 Pelei
570 2938 603 3000 et
625 2932 770 2999 Thetidis
791 2931 885 2999 filius.
928 2921 1096 2998 Patroclus
1118 2931 1270 2998 Menoetii
1291 2931 1386 3001 filius.

154 3047 370 3116 Idomeneus*
400 3046 453 3129 qui
481 3046 675 3111 Helenam
706 3044 833 3110 amauit.
884 3044 1027 3109 Theseus
1057 3043 1154 3125 Aegei
1186 3051 1218 3110 et
1246 3046 1386 3112 Aethrae

154 3160 255 3242 filius,
278 3177 371 3243 quem
393 3157 569 3224 Ariadne
591 3157 718 3222 amavit.
1393 3159 1437 3222 20

157 3306 170 3350 1
189 3299 357 3349 notandumF
376 3313 431 3346 corr
448 3296 503 3344 Sm
521 3293 547 3345 Σ
591 3300 605 3344 2
625 3296 723 3343 aritiam
740 3295 761 3340 P
779 3293 796 3340 S
820 3307 874 3340 corr
892 3292 979 3339 (iomm
1022 3295 1036 3340 ³
1055 3293 1215 3340 rhomanias
1232 3308 1287 3340 corr
1299 3293 1386 3341 (iomm

155 3393 432 3445 thamnathaeam
450 3390 557 3439 Scheffer
570 3388 580 3454 ll
595 3387 644 3455 lest}
665 3389 726 3448 Sm,
745 3388 786 3448 qui
805 3386 902 3434 ‘Diana’
921 3386 1004 3434 omisit
1045 3386 1256 3434 dbomonicaeP
1300 3388 1387 3435 dauri

155 3493 248 3540 Feorr
266 3489 328 3538 Serv
345 3492 370 3537 st
386 3487 443 3535 llio.
455 3487 471 3533 i.
483 3501 509 3533 m
525 3499 585 3532 arae
601 3484 665 3532 Iuda
676 3481 797 3530 Bonutius
816 3481 846 3529 cl'.
864 3482 941 3542 myth.
959 3481 1039 3527 Vati
1058 3481 1107 3529 173
1125 3495 1149 3540 p.
1162 3481 1203 3539 63,
1223 3481 1254 3530 37
1299 3482 1312 3528 7
1331 3482 1386 3530 rho.

155 3600 223 3636 mam
240 3585 261 3632 F
278 3583 372 3632 corno
424 3577 619 3641 ScapitoliniS

225 3680 323 3740 Septem
342 3677 463 3738 capitum,
487 3689 551 3736 quae
568 3673 608 3720 hic
627 3673 711 3720 deesse
729 3686 758 3719 ex
775 3670 856 3718 indice
874 3673 985 3728 constat,
1006 3682 1036 3716 ea
1060 3681 1123 3728 quae
1141 3673 1199 3716 sunt
1216 3670 1342 3718 Noctua
1364 3676 1388 3719 et

157 3776 257 3825 Ceres
274 3772 393 3832 inscripta
410 3771 481 3818 illata
496 3774 554 3818 sunt
569 3766 663 3815 eServ.
677 3765 791 3825 Georg.1
808 3767 858 3813 403
876 3779 900 3824 p.
915 3764 963 3812 223
976 3763 1053 3824 myth.
1065 3761 1146 3809 Vatl
1164 3765 1197 3812 08
1214 3779 1240 3824 p.
1253 3766 1294 3825 ³2,
1313 3769 1345 3815 33
1364 3770 1388 3812 et

157 3868 226 3917 Serv.
246 3866 306 3916 Geo.
319 3867 393 3916 1370
411 3865 487 3927 myth.
506 3865 562 3911 Vat.
579 3863 604 3909 ll
622 3863 654 3909 95
672 3876 696 3922 p.
711 3861 772 3919 107,
793 3861 834 3908 10.
870 3856 932 3904 Cum
950 3856 1075 3904 0011le
1092 3856 1135 3917 qui
1152 3857 1254 3907 fulmine
1271 3859 1313 3906 icti
1331 3865 1389 3908 sunt

157 3964 189 4012 cf.
207 3963 339 4011 Westerm.
357 3960 474 4020 paradox.
493 3974 517 4019 p.
530 3959 588 4017 221,
609 3958 736 4015 18-243
755 3954 785 4002 ci.
804 3951 867 4000 CCL
921 3954 953 4000 10
972 3965 1066 4012 cygnus
1084 3950 1105 3996 F

227 4061 258 4106 12
277 4055 355 4103 eorici
372 4054 430 4102 Mic.
442 4055 457 4101 i.
470 4050 606 4112 mOorpthi
615 4051 658 4098 Mu
705 4052 737 4097 14
756 4047 890 4097 assariciF
909 4061 947 4093 em
959 4045 1046 4094 Comm
1082 4047 1123 4093 14.
1136 4046 1168 4092 15
1181 4048 1329 4095 ‘Alexander
1342 4080 1348 4093 .
1362 4083 1386 4096 ..

158 4150 279 4212 Charopis
303 4148 375 4197 filius’
399 4155 456 4210 post
478 4149 606 4195 ‘Helenam
631 4142 731 4192 amavit’
755 4144 809 4191 troi.
827 4140 853 4191 Σ
874 4138 885 4206 ΙΙ
912 4139 1064 4201 charopisF
1089 4155 1143 4187 corr
1168 4137 1216 4188 Sch
1275 4142 1305 4188 16
1328 4155 1389 4201 pan-

158 4246 284 4294 dionisii
308 4243 408 4292 Deionis
431 4242 481 4290 ldie
498 4243 514 4288 i.
532 4257 557 4288 m
582 4240 703 4288 NHeina.
728 4237 776 4286 Ov.
798 4237 855 4283 Met.
882 4250 906 4296 p.
922 4236 968 4283 187
995 4234 1038 4300 (of.
1056 4233 1255 4282 CLXXXVIlll.
1280 4234 1389 4281 ccam.

158 4343 320 4407 conum)
341 4338 351 4406 ΙΙ
376 4341 469 4388 titonus
486 4339 507 4384 F
532 4350 570 4383 em
589 4334 675 4382 Oomm
735 4336 764 4382 17
784 4330 928 4380 coniunxi*
986 4331 1017 4377 19
1037 4327 1199 4395 chocola'ouia
1218 4329 1297 4395 filiast
1322 4343 1389 4389 quem

158 4443 267 4494 Hm?
287 4437 298 4507 ΙΙ
319 4435 403 4497 aegaei
420 4434 441 4480 P
459 4447 498 4480 am
516 4431 602 4479 Comm

209 4538 238 4579 n.
251 4532 350 4580 sumus,
364 4531 438 4580 unm
452 4525 537 4568 casuue
1148 4522 1184 4577 10
