<?xml version="1.0" encoding="UTF-8"?>
<!DOCTYPE html PUBLIC "-//W3C//DTD XHTML 1.0 Transitional//EN"
    "http://www.w3.org/TR/xhtml1/DTD/xhtml1-transitional.dtd">
<html xmlns="http://www.w3.org/1999/xhtml" xml:lang="en" lang="en">
 <head>
  <title>
</title>
<meta http-equiv="Content-Type" content="text/html;charset=utf-8" />
  <meta name='ocr-system' content='tesseract 3.04.00' />
  <meta name='ocr-capabilities' content='ocr_page ocr_carea ocr_par ocr_line ocrx_word'/>
</head>
<body>
  <div class='ocr_page' id='page_1' title='image "./hyginifabulae00hygigoog_0091.png"; bbox 0 0 3082 4950; ppageno 0'>
   <div class='ocr_carea' id='block_1_1' title="bbox 786 176 841 247">
    <p class='ocr_par' dir='ltr' id='par_1_1' title="bbox 786 176 841 247">
     <span class='ocr_line' id='line_1_1' title="bbox 786 176 841 247; baseline 0.018 -1"><span class='ocrx_word' id='word_1_1' title='bbox 786 176 841 247; x_wconf 66' lang='lat'>&#39;30</span> 
     </span>
    </p>
   </div>
   <div class='ocr_carea' id='block_1_2' title="bbox 644 346 957 503">
    <p class='ocr_par' dir='ltr' id='par_1_2' title="bbox 644 346 957 503">
     <span class='ocr_line' id='line_1_2' title="bbox 644 346 957 503; baseline 0.003 -17"><span class='ocrx_word' id='word_1_2' title='bbox 644 346 668 473; x_wconf 75' lang='lat' dir='ltr'><em>s</em></span> <span class='ocrx_word' id='word_1_3' title='bbox 678 420 818 486; x_wconf 83' lang='lat' dir='ltr'>onxxv</span> <span class='ocrx_word' id='word_1_4' title='bbox 841 421 957 503; x_wconf 78' lang='lat' dir='ltr'>Agnus</span> 
     </span>
    </p>
   </div>
   <div class='ocr_carea' id='block_1_3' title="bbox 173 556 1440 1307">
    <p class='ocr_par' dir='ltr' id='par_1_3' title="bbox 203 556 1440 974">
     <span class='ocr_line' id='line_1_3' title="bbox 290 556 1439 638; baseline 0.004 -19"><span class='ocrx_word' id='word_1_5' title='bbox 290 556 407 638; x_wconf 85' lang='lat' dir='ltr'>Agrius</span> <span class='ocrx_word' id='word_1_6' title='bbox 422 556 612 621; x_wconf 89' lang='lat' dir='ltr'>Parthaonis</span> <span class='ocrx_word' id='word_1_7' title='bbox 634 556 719 621; x_wconf 90' lang='lat' dir='ltr'>tilius</span> <span class='ocrx_word' id='word_1_8' title='bbox 741 562 778 621; x_wconf 92' lang='lat' dir='ltr'>ut</span> <span class='ocrx_word' id='word_1_9' title='bbox 799 557 879 623; x_wconf 86' lang='lat' dir='ltr'>vidit</span> <span class='ocrx_word' id='word_1_10' title='bbox 894 560 1034 624; x_wconf 81' lang='lat' dir='ltr'>Oeneum</span> <span class='ocrx_word' id='word_1_11' title='bbox 1048 558 1178 624; x_wconf 88' lang='lat' dir='ltr'>fratrem</span> <span class='ocrx_word' id='word_1_12' title='bbox 1200 558 1312 624; x_wconf 88' lang='lat' dir='ltr'>orbum</span> <span class='ocrx_word' id='word_1_13' title='bbox 1328 558 1439 624; x_wconf 90' lang='lat' dir='ltr'>liberis</span> 
     </span>
     <span class='ocr_line' id='line_1_4' title="bbox 203 666 1439 752; baseline 0.004 -21"><span class='ocrx_word' id='word_1_14' title='bbox 203 666 321 731; x_wconf 88' lang='lat' dir='ltr'>factum</span> <span class='ocrx_word' id='word_1_15' title='bbox 344 673 489 748; x_wconf 84' lang='lat' dir='ltr'>egentem</span> <span class='ocrx_word' id='word_1_16' title='bbox 511 685 609 748; x_wconf 89' lang='lat' dir='ltr'>regno</span> <span class='ocrx_word' id='word_1_17' title='bbox 631 667 752 750; x_wconf 82' lang='lat' dir='ltr'>expulit</span> <span class='ocrx_word' id='word_1_18' title='bbox 774 674 869 749; x_wconf 90' lang='lat' dir='ltr'>atque</span> <span class='ocrx_word' id='word_1_19' title='bbox 891 669 961 750; x_wconf 89' lang='lat' dir='ltr'>ipse</span> <span class='ocrx_word' id='word_1_20' title='bbox 984 688 1116 752; x_wconf 90' lang='lat' dir='ltr'>regnum</span> <span class='ocrx_word' id='word_1_21' title='bbox 1133 669 1287 751; x_wconf 86' lang='lat' dir='ltr'>possedit.</span> <span class='ocrx_word' id='word_1_22' title='bbox 1310 669 1439 736; x_wconf 89' lang='lat' dir='ltr'>interim</span> 
     </span>
     <span class='ocr_line' id='line_1_5' title="bbox 204 777 1439 861; baseline 0.002 -19"><span class='ocrx_word' id='word_1_23' title='bbox 204 777 375 842; x_wconf 86' lang='lat' dir='ltr'>Diomedes</span> <span class='ocrx_word' id='word_1_24' title='bbox 397 779 496 860; x_wconf 87' lang='lat' dir='ltr'>Tydei</span> <span class='ocrx_word' id='word_1_25' title='bbox 526 778 611 843; x_wconf 88' lang='lat' dir='ltr'>filius</span> <span class='ocrx_word' id='word_1_26' title='bbox 642 784 674 844; x_wconf 90' lang='lat' dir='ltr'>et</span> <span class='ocrx_word' id='word_1_27' title='bbox 697 779 845 861; x_wconf 87' lang='lat' dir='ltr'>Deipyles</span> <span class='ocrx_word' id='word_1_28' title='bbox 867 780 926 845; x_wconf 92' lang='lat' dir='ltr'>llio</span> <span class='ocrx_word' id='word_1_29' title='bbox 957 781 1095 861; x_wconf 86' lang='lat' dir='ltr'>devicto,</span> <span class='ocrx_word' id='word_1_30' title='bbox 1125 785 1162 845; x_wconf 90' lang='lat' dir='ltr'>ut</span> <span class='ocrx_word' id='word_1_31' title='bbox 1191 780 1314 845; x_wconf 88' lang='lat' dir='ltr'>audivit</span> <span class='ocrx_word' id='word_1_32' title='bbox 1342 800 1439 846; x_wconf 89' lang='lat' dir='ltr'>avum</span> 
     </span>
     <span class='ocr_line' id='line_1_6' title="bbox 205 890 1440 974; baseline 0.002 -21"><span class='ocrx_word' id='word_1_33' title='bbox 205 907 296 954; x_wconf 87' lang='lat' dir='ltr'>suum</span> <span class='ocrx_word' id='word_1_34' title='bbox 318 908 416 970; x_wconf 88' lang='lat' dir='ltr'>reguo</span> <span class='ocrx_word' id='word_1_35' title='bbox 438 890 580 970; x_wconf 81' lang='lat' dir='ltr'>pulsum,</span> <span class='ocrx_word' id='word_1_36' title='bbox 612 891 757 970; x_wconf 87' lang='lat' dir='ltr'>pervenit</span> <span class='ocrx_word' id='word_1_37' title='bbox 786 891 818 955; x_wconf 91' lang='lat' dir='ltr'>in</span> <span class='ocrx_word' id='word_1_38' title='bbox 841 892 999 957; x_wconf 84' lang='lat' dir='ltr'>Aetoliam</span> <span class='ocrx_word' id='word_1_39' title='bbox 1028 910 1098 956; x_wconf 91' lang='lat' dir='ltr'>cum</span> <span class='ocrx_word' id='word_1_40' title='bbox 1122 891 1273 957; x_wconf 83' lang='lat' dir='ltr'>Sthenelo</span> <span class='ocrx_word' id='word_1_41' title='bbox 1296 890 1440 974; x_wconf 89' lang='lat' dir='ltr'>Capanei</span> 
     </span>
    </p>

    <p class='ocr_par' dir='ltr' id='par_1_4' title="bbox 173 998 1440 1307">
     <span class='ocr_line' id='line_1_7' title="bbox 173 998 1439 1084; baseline 0.005 -22"><span class='ocrx_word' id='word_1_42' title='bbox 173 998 267 1066; x_wconf 77' lang='lat' dir='ltr'>hfilio</span> <span class='ocrx_word' id='word_1_43' title='bbox 296 1006 328 1064; x_wconf 91' lang='lat' dir='ltr'>et</span> <span class='ocrx_word' id='word_1_44' title='bbox 357 1000 454 1066; x_wconf 87' lang='lat' dir='ltr'>armis</span> <span class='ocrx_word' id='word_1_45' title='bbox 484 1000 648 1066; x_wconf 87' lang='lat' dir='ltr'>contendit</span> <span class='ocrx_word' id='word_1_46' title='bbox 679 1020 748 1065; x_wconf 90' lang='lat' dir='ltr'>cum</span> <span class='ocrx_word' id='word_1_47' title='bbox 776 1002 924 1083; x_wconf 86' lang='lat' dir='ltr'>Lycopen</span> <span class='ocrx_word' id='word_1_48' title='bbox 954 1003 1043 1084; x_wconf 84' lang='lat' dir='ltr'>Agrii</span> <span class='ocrx_word' id='word_1_49' title='bbox 1069 1001 1142 1068; x_wconf 89' lang='lat' dir='ltr'>filio.</span> <span class='ocrx_word' id='word_1_50' title='bbox 1177 1021 1239 1084; x_wconf 92' lang='lat' dir='ltr'>quo</span> <span class='ocrx_word' id='word_1_51' title='bbox 1269 1001 1439 1068; x_wconf 86' lang='lat' dir='ltr'>interfecto</span> 
     </span>
     <span class='ocr_line' id='line_1_8' title="bbox 203 1111 1440 1196; baseline 0.002 -20"><span class='ocrx_word' id='word_1_52' title='bbox 203 1111 334 1194; x_wconf 82' lang='lat' dir='ltr'>Agrium</span> <span class='ocrx_word' id='word_1_53' title='bbox 357 1115 501 1194; x_wconf 85' lang='lat' dir='ltr'>egentem</span> <span class='ocrx_word' id='word_1_54' title='bbox 525 1131 542 1176; x_wconf 92' lang='lat' dir='ltr'>e</span> <span class='ocrx_word' id='word_1_55' title='bbox 564 1131 661 1194; x_wconf 90' lang='lat' dir='ltr'>regno</span> <span class='ocrx_word' id='word_1_56' title='bbox 684 1113 805 1194; x_wconf 84' lang='lat' dir='ltr'>expulit</span> <span class='ocrx_word' id='word_1_57' title='bbox 827 1119 922 1195; x_wconf 90' lang='lat' dir='ltr'>atque</span> <span class='ocrx_word' id='word_1_58' title='bbox 936 1116 1045 1179; x_wconf 89' lang='lat' dir='ltr'>Oeneo</span> <span class='ocrx_word' id='word_1_59' title='bbox 1067 1133 1127 1179; x_wconf 83' lang='lat' dir='ltr'>auo</span> <span class='ocrx_word' id='word_1_60' title='bbox 1150 1132 1208 1179; x_wconf 93' lang='lat' dir='ltr'>suo</span> <span class='ocrx_word' id='word_1_61' title='bbox 1230 1133 1366 1196; x_wconf 89' lang='lat' dir='ltr'>regnum</span> <span class='ocrx_word' id='word_1_62' title='bbox 1387 1134 1440 1180; x_wconf 90' lang='lat' dir='ltr'>re·</span> 
     </span>
     <span class='ocr_line' id='line_1_9' title="bbox 204 1223 1257 1307; baseline -0.001 -16"><span class='ocrx_word' id='word_1_63' title='bbox 204 1224 317 1291; x_wconf 85' lang='lat' dir='ltr'>stituit.</span> <span class='ocrx_word' id='word_1_64' title='bbox 348 1227 486 1306; x_wconf 74' lang='lat' dir='ltr'>postque,</span> <span class='ocrx_word' id='word_1_65' title='bbox 507 1223 623 1304; x_wconf 84' lang='lat' dir='ltr'>Agrius</span> <span class='ocrx_word' id='word_1_66' title='bbox 645 1242 746 1305; x_wconf 88' lang='lat' dir='ltr'>regno</span> <span class='ocrx_word' id='word_1_67' title='bbox 768 1224 920 1306; x_wconf 88' lang='lat' dir='ltr'>expulsus</span> <span class='ocrx_word' id='word_1_68' title='bbox 941 1225 1012 1307; x_wconf 90' lang='lat' dir='ltr'>ipse</span> <span class='ocrx_word' id='word_1_69' title='bbox 1034 1243 1070 1290; x_wconf 90' lang='lat' dir='ltr'>se</span> <span class='ocrx_word' id='word_1_70' title='bbox 1090 1224 1257 1291; x_wconf 83' lang='lat' dir='ltr'>interfecit.</span> 
     </span>
    </p>
   </div>
   <div class='ocr_carea' id='block_1_4' title="bbox 664 1418 971 1503">
    <p class='ocr_par' dir='ltr' id='par_1_5' title="bbox 664 1418 971 1503">
     <span class='ocr_line' id='line_1_10' title="bbox 664 1418 971 1503; baseline -0.003 -15"><span class='ocrx_word' id='word_1_71' title='bbox 664 1421 821 1489; x_wconf 81' lang='lat' dir='ltr'>CLXXVI</span> <span class='ocrx_word' id='word_1_72' title='bbox 842 1418 971 1503; x_wconf 84' lang='lat' dir='ltr'>Lycaon</span> 
     </span>
    </p>
   </div>
   <div class='ocr_carea' id='block_1_5' title="bbox 153 1556 1438 2420">
    <p class='ocr_par' dir='ltr' id='par_1_6' title="bbox 153 1556 1438 2420">
     <span class='ocr_line' id='line_1_11' title="bbox 287 1556 1438 1640; baseline -0.003 -15"><span class='ocrx_word' id='word_1_73' title='bbox 287 1561 339 1625; x_wconf 87' lang='lat' dir='ltr'>hd</span> <span class='ocrx_word' id='word_1_74' title='bbox 354 1559 533 1640; x_wconf 84' lang='lat' dir='ltr'>Lycaonem</span> <span class='ocrx_word' id='word_1_75' title='bbox 552 1557 681 1640; x_wconf 85' lang='lat' dir='ltr'>Pelasgi</span> <span class='ocrx_word' id='word_1_76' title='bbox 702 1556 800 1622; x_wconf 92' lang='lat' dir='ltr'>filium</span> <span class='ocrx_word' id='word_1_77' title='bbox 823 1558 908 1624; x_wconf 89' lang='lat' dir='ltr'>lovis</span> <span class='ocrx_word' id='word_1_78' title='bbox 929 1559 962 1623; x_wconf 92' lang='lat' dir='ltr'>in</span> <span class='ocrx_word' id='word_1_79' title='bbox 978 1558 1152 1639; x_wconf 86' lang='lat' dir='ltr'>hospitium</span> <span class='ocrx_word' id='word_1_80' title='bbox 1168 1558 1296 1623; x_wconf 87' lang='lat' dir='ltr'>uenisse</span> <span class='ocrx_word' id='word_1_81' title='bbox 1318 1558 1438 1623; x_wconf 86' lang='lat' dir='ltr'>dicitur</span> 
     </span>
     <span class='ocr_line' id='line_1_12' title="bbox 202 1669 1438 1753; baseline -0.001 -17"><span class='ocrx_word' id='word_1_82' title='bbox 202 1679 236 1737; x_wconf 88' lang='lat' dir='ltr'>et</span> <span class='ocrx_word' id='word_1_83' title='bbox 255 1670 353 1735; x_wconf 89' lang='lat' dir='ltr'>liliam</span> <span class='ocrx_word' id='word_1_84' title='bbox 376 1670 443 1735; x_wconf 91' lang='lat' dir='ltr'>eius</span> <span class='ocrx_word' id='word_1_85' title='bbox 465 1669 598 1735; x_wconf 81' lang='lat' dir='ltr'>Callisto</span> <span class='ocrx_word' id='word_1_86' title='bbox 621 1669 866 1751; x_wconf 89' lang='lat' dir='ltr'>compressisse;</span> <span class='ocrx_word' id='word_1_87' title='bbox 897 1689 936 1734; x_wconf 86' lang='lat' dir='ltr'>ex</span> <span class='ocrx_word' id='word_1_88' title='bbox 958 1689 1019 1753; x_wconf 92' lang='lat' dir='ltr'>quo</span> <span class='ocrx_word' id='word_1_89' title='bbox 1043 1676 1137 1735; x_wconf 88' lang='lat' dir='ltr'>natus</span> <span class='ocrx_word' id='word_1_90' title='bbox 1162 1675 1212 1735; x_wconf 86' lang='lat' dir='ltr'>est</span> <span class='ocrx_word' id='word_1_91' title='bbox 1233 1672 1350 1748; x_wconf 78' lang='lat' dir='ltr'>Areae,</span> <span class='ocrx_word' id='word_1_92' title='bbox 1382 1669 1438 1750; x_wconf 90' lang='lat' dir='ltr'>qui</span> 
     </span>
     <span class='ocr_line' id='line_1_13' title="bbox 153 1779 1438 1863; baseline -0.003 -14"><span class='ocrx_word' id='word_1_93' title='bbox 153 1786 193 1849; x_wconf 87' lang='lat'>10</span> <span class='ocrx_word' id='word_1_94' title='bbox 202 1800 240 1846; x_wconf 84' lang='lat' dir='ltr'>ex</span> <span class='ocrx_word' id='word_1_95' title='bbox 264 1799 321 1846; x_wconf 91' lang='lat' dir='ltr'>suo</span> <span class='ocrx_word' id='word_1_96' title='bbox 343 1780 470 1846; x_wconf 89' lang='lat' dir='ltr'>nomine</span> <span class='ocrx_word' id='word_1_97' title='bbox 493 1785 599 1845; x_wconf 87' lang='lat' dir='ltr'>terrae</span> <span class='ocrx_word' id='word_1_98' title='bbox 620 1798 734 1844; x_wconf 90' lang='lat' dir='ltr'>nomen</span> <span class='ocrx_word' id='word_1_99' title='bbox 756 1780 880 1845; x_wconf 87' lang='lat' dir='ltr'>indidit.</span> <span class='ocrx_word' id='word_1_100' title='bbox 911 1782 968 1845; x_wconf 92' lang='lat' dir='ltr'>sed</span> <span class='ocrx_word' id='word_1_101' title='bbox 985 1781 1143 1863; x_wconf 87' lang='lat' dir='ltr'>Lycaonis</span> <span class='ocrx_word' id='word_1_102' title='bbox 1166 1779 1223 1845; x_wconf 90' lang='lat' dir='ltr'>filii</span> <span class='ocrx_word' id='word_1_103' title='bbox 1238 1781 1348 1845; x_wconf 91' lang='lat' dir='ltr'>Iovem</span> <span class='ocrx_word' id='word_1_104' title='bbox 1367 1785 1438 1846; x_wconf 92' lang='lat' dir='ltr'>ten·</span> 
     </span>
     <span class='ocr_line' id='line_1_14' title="bbox 202 1889 1438 1975; baseline 0 -18"><span class='ocrx_word' id='word_1_105' title='bbox 202 1897 272 1957; x_wconf 90' lang='lat' dir='ltr'>tare</span> <span class='ocrx_word' id='word_1_106' title='bbox 292 1892 474 1971; x_wconf 84' lang='lat' dir='ltr'>uoluemnt,</span> <span class='ocrx_word' id='word_1_107' title='bbox 497 1891 618 1956; x_wconf 89' lang='lat' dir='ltr'>deusne</span> <span class='ocrx_word' id='word_1_108' title='bbox 640 1897 740 1970; x_wconf 85' lang='lat' dir='ltr'>esset,</span> <span class='ocrx_word' id='word_1_109' title='bbox 773 1890 818 1975; x_wconf 70' lang='lat' dir='ltr'>leti</span> <span class='ocrx_word' id='word_1_110' title='bbox 843 1910 969 1958; x_wconf 88' lang='lat' dir='ltr'>carnem</span> <span class='ocrx_word' id='word_1_111' title='bbox 991 1893 1161 1957; x_wconf 87' lang='lat' dir='ltr'>humanam</span> <span class='ocrx_word' id='word_1_112' title='bbox 1191 1910 1260 1957; x_wconf 91' lang='lat' dir='ltr'>cum</span> <span class='ocrx_word' id='word_1_113' title='bbox 1284 1889 1438 1970; x_wconf 76' lang='lat' dir='ltr'>claletera</span> 
     </span>
     <span class='ocr_line' id='line_1_15' title="bbox 202 2001 1437 2084; baseline 0.001 -17"><span class='ocrx_word' id='word_1_114' title='bbox 202 2021 297 2069; x_wconf 89' lang='lat' dir='ltr'>carne</span> <span class='ocrx_word' id='word_1_115' title='bbox 319 2001 583 2067; x_wconf 88' lang='lat' dir='ltr'>commiscuerunt</span> <span class='ocrx_word' id='word_1_116' title='bbox 596 2002 692 2083; x_wconf 92' lang='lat' dir='ltr'>idque</span> <span class='ocrx_word' id='word_1_117' title='bbox 713 2003 746 2066; x_wconf 93' lang='lat' dir='ltr'>in</span> <span class='ocrx_word' id='word_1_118' title='bbox 769 2002 863 2084; x_wconf 93' lang='lat' dir='ltr'>epulo</span> <span class='ocrx_word' id='word_1_119' title='bbox 884 2003 914 2067; x_wconf 92' lang='lat' dir='ltr'>ei</span> <span class='ocrx_word' id='word_1_120' title='bbox 932 2009 1158 2084; x_wconf 90' lang='lat' dir='ltr'>apposuerunt.</span> <span class='ocrx_word' id='word_1_121' title='bbox 1188 2002 1240 2084; x_wconf 88' lang='lat' dir='ltr'>qui</span> <span class='ocrx_word' id='word_1_122' title='bbox 1263 2007 1437 2084; x_wconf 87' lang='lat' dir='ltr'>postquam</span> 
     </span>
     <span class='ocr_line' id='line_1_16' title="bbox 202 2113 1436 2194; baseline -0.002 -14"><span class='ocrx_word' id='word_1_123' title='bbox 202 2113 303 2180; x_wconf 87' lang='lat' dir='ltr'>sensit</span> <span class='ocrx_word' id='word_1_124' title='bbox 323 2116 426 2180; x_wconf 86' lang='lat' dir='ltr'>iratus</span> <span class='ocrx_word' id='word_1_125' title='bbox 456 2131 598 2179; x_wconf 88' lang='lat' dir='ltr'>mensam</span> <span class='ocrx_word' id='word_1_126' title='bbox 628 2114 756 2194; x_wconf 83' lang='lat' dir='ltr'>evertit,</span> <span class='ocrx_word' id='word_1_127' title='bbox 785 2114 943 2194; x_wconf 88' lang='lat' dir='ltr'>Lycaonis</span> <span class='ocrx_word' id='word_1_128' title='bbox 964 2113 1047 2179; x_wconf 87' lang='lat' dir='ltr'>filios</span> <span class='ocrx_word' id='word_1_129' title='bbox 1074 2113 1205 2179; x_wconf 89' lang='lat' dir='ltr'>fulmine</span> <span class='ocrx_word' id='word_1_130' title='bbox 1232 2114 1368 2179; x_wconf 82' lang='lat' dir='ltr'>necavit.</span> <span class='ocrx_word' id='word_1_131' title='bbox 1397 2133 1436 2179; x_wconf 91' lang='lat' dir='ltr'>eo</span> 
     </span>
     <span class='ocr_line' id='line_1_17' title="bbox 201 2223 1434 2311; baseline 0.001 -21"><span class='ocrx_word' id='word_1_132' title='bbox 201 2225 271 2291; x_wconf 90' lang='lat' dir='ltr'>loco</span> <span class='ocrx_word' id='word_1_133' title='bbox 293 2229 407 2307; x_wconf 87' lang='lat' dir='ltr'>postea</span> <span class='ocrx_word' id='word_1_134' title='bbox 421 2225 521 2290; x_wconf 84' lang='lat' dir='ltr'>Arcas</span> <span class='ocrx_word' id='word_1_135' title='bbox 541 2223 693 2306; x_wconf 90' lang='lat' dir='ltr'>oppidum</span> <span class='ocrx_word' id='word_1_136' title='bbox 709 2224 912 2290; x_wconf 86' lang='lat' dir='ltr'>communivit</span> <span class='ocrx_word' id='word_1_137' title='bbox 927 2225 1012 2306; x_wconf 91' lang='lat' dir='ltr'>quod</span> <span class='ocrx_word' id='word_1_138' title='bbox 1032 2223 1221 2311; x_wconf 77' lang='grc' dir='ltr'><strong><em>Τραπεζοῦς</em></strong></span> <span class='ocrx_word' id='word_1_139' title='bbox 1241 2225 1434 2291; x_wconf 85' lang='lat' dir='ltr'>nominatur.</span> 
     </span>
     <span class='ocr_line' id='line_1_18' title="bbox 153 2334 971 2420; baseline -0.002 -14"><span class='ocrx_word' id='word_1_140' title='bbox 153 2341 192 2407; x_wconf 80' lang='lat'>15</span> <span class='ocrx_word' id='word_1_141' title='bbox 202 2343 326 2420; x_wconf 88' lang='lat' dir='ltr'>patrem</span> <span class='ocrx_word' id='word_1_142' title='bbox 347 2336 492 2419; x_wconf 89' lang='lat' dir='ltr'>Iuppiter</span> <span class='ocrx_word' id='word_1_143' title='bbox 512 2335 544 2402; x_wconf 93' lang='lat' dir='ltr'>in</span> <span class='ocrx_word' id='word_1_144' title='bbox 567 2336 629 2417; x_wconf 91' lang='lat' dir='ltr'>lyci</span> <span class='ocrx_word' id='word_1_145' title='bbox 650 2334 785 2418; x_wconf 86' lang='lat' dir='ltr'>figuram</span> <span class='ocrx_word' id='word_1_146' title='bbox 809 2335 971 2406; x_wconf 84' lang='lat' dir='ltr'>mutauit..</span> 
     </span>
    </p>
   </div>
   <div class='ocr_carea' id='block_1_6' title="bbox 649 2532 978 2598">
    <p class='ocr_par' dir='ltr' id='par_1_7' title="bbox 649 2532 978 2598">
     <span class='ocr_line' id='line_1_19' title="bbox 649 2532 978 2598; baseline -0.003 -1"><span class='ocrx_word' id='word_1_147' title='bbox 649 2532 821 2597; x_wconf 83' lang='lat' dir='ltr'>CLXXVII</span> <span class='ocrx_word' id='word_1_148' title='bbox 844 2532 978 2598; x_wconf 85' lang='lat' dir='ltr'>Callisto</span> 
     </span>
    </p>
   </div>
   <div class='ocr_carea' id='block_1_7' title="bbox 149 2667 1433 3305">
    <p class='ocr_par' dir='ltr' id='par_1_8' title="bbox 199 2667 1433 3086">
     <span class='ocr_line' id='line_1_20' title="bbox 291 2667 1433 2752; baseline -0.004 -15"><span class='ocrx_word' id='word_1_149' title='bbox 291 2669 423 2737; x_wconf 84' lang='lat' dir='ltr'>Callisto</span> <span class='ocrx_word' id='word_1_150' title='bbox 440 2668 599 2752; x_wconf 88' lang='lat' dir='ltr'>Lycaonis</span> <span class='ocrx_word' id='word_1_151' title='bbox 622 2668 688 2735; x_wconf 89' lang='lat' dir='ltr'>filia</span> <span class='ocrx_word' id='word_1_152' title='bbox 711 2687 787 2734; x_wconf 88' lang='lat' dir='ltr'>ursa</span> <span class='ocrx_word' id='word_1_153' title='bbox 809 2669 925 2735; x_wconf 92' lang='lat' dir='ltr'>dicitur</span> <span class='ocrx_word' id='word_1_154' title='bbox 945 2669 1031 2735; x_wconf 85' lang='lat' dir='ltr'>lacta</span> <span class='ocrx_word' id='word_1_155' title='bbox 1054 2685 1126 2732; x_wconf 88' lang='lat' dir='ltr'>esse</span> <span class='ocrx_word' id='word_1_156' title='bbox 1147 2667 1186 2733; x_wconf 92' lang='lat' dir='ltr'>oh</span> <span class='ocrx_word' id='word_1_157' title='bbox 1203 2667 1282 2733; x_wconf 89' lang='lat' dir='ltr'>iram</span> <span class='ocrx_word' id='word_1_158' title='bbox 1300 2668 1433 2735; x_wconf 89' lang='lat' dir='ltr'>Iunonis</span> 
     </span>
     <span class='ocr_line' id='line_1_21' title="bbox 201 2779 1433 2864; baseline 0 -17"><span class='ocrx_word' id='word_1_159' title='bbox 201 2782 285 2864; x_wconf 88' lang='lat' dir='ltr'>quod</span> <span class='ocrx_word' id='word_1_160' title='bbox 313 2799 385 2846; x_wconf 89' lang='lat' dir='ltr'>cum</span> <span class='ocrx_word' id='word_1_161' title='bbox 414 2781 489 2845; x_wconf 88' lang='lat' dir='ltr'>Iove</span> <span class='ocrx_word' id='word_1_162' title='bbox 518 2779 695 2845; x_wconf 72' lang='lat' dir='ltr'>concubuit,</span> <span class='ocrx_word' id='word_1_163' title='bbox 745 2779 864 2845; x_wconf 86' lang='lat' dir='ltr'>Postea</span> <span class='ocrx_word' id='word_1_164' title='bbox 891 2780 977 2846; x_wconf 86' lang='lat' dir='ltr'>Iovis</span> <span class='ocrx_word' id='word_1_165' title='bbox 1008 2779 1041 2844; x_wconf 94' lang='lat' dir='ltr'>in</span> <span class='ocrx_word' id='word_1_166' title='bbox 1071 2779 1235 2844; x_wconf 89' lang='lat' dir='ltr'>stellarum</span> <span class='ocrx_word' id='word_1_167' title='bbox 1265 2798 1433 2847; x_wconf 88' lang='lat' dir='ltr'>nnmerum</span> 
     </span>
     <span class='ocr_line' id='line_1_22' title="bbox 199 2889 1433 2973; baseline -0.001 -15"><span class='ocrx_word' id='word_1_168' title='bbox 199 2892 318 2972; x_wconf 87' lang='lat' dir='ltr'>retulit,</span> <span class='ocrx_word' id='word_1_169' title='bbox 340 2910 421 2973; x_wconf 88' lang='lat' dir='ltr'>quae</span> <span class='ocrx_word' id='word_1_170' title='bbox 444 2889 620 2972; x_wconf 83' lang='lat' dir='ltr'>septentrio</span> <span class='ocrx_word' id='word_1_171' title='bbox 643 2889 833 2972; x_wconf 84' lang='lat' dir='ltr'>appellatur,</span> <span class='ocrx_word' id='word_1_172' title='bbox 855 2891 940 2972; x_wconf 90' lang='lat' dir='ltr'>quod</span> <span class='ocrx_word' id='word_1_173' title='bbox 964 2891 1089 2972; x_wconf 89' lang='lat' dir='ltr'>signum</span> <span class='ocrx_word' id='word_1_174' title='bbox 1111 2889 1181 2955; x_wconf 94' lang='lat' dir='ltr'>loco</span> <span class='ocrx_word' id='word_1_175' title='bbox 1200 2908 1263 2955; x_wconf 92' lang='lat' dir='ltr'>non</span> <span class='ocrx_word' id='word_1_176' title='bbox 1286 2899 1433 2957; x_wconf 85' lang='lat' dir='ltr'>movetur</span> 
     </span>
     <span class='ocr_line' id='line_1_23' title="bbox 200 3000 1433 3086; baseline -0.002 -15"><span class='ocrx_word' id='word_1_177' title='bbox 200 3022 304 3086; x_wconf 87' lang='lat' dir='ltr'>neque</span> <span class='ocrx_word' id='word_1_178' title='bbox 320 3001 444 3069; x_wconf 88' lang='lat' dir='ltr'>occidit.</span> <span class='ocrx_word' id='word_1_179' title='bbox 474 3000 626 3082; x_wconf 84' lang='lat' dir='ltr'>Tethys</span> <span class='ocrx_word' id='word_1_180' title='bbox 644 3001 726 3066; x_wconf 92' lang='lat' dir='ltr'>enim</span> <span class='ocrx_word' id='word_1_181' title='bbox 742 3001 860 3067; x_wconf 91' lang='lat' dir='ltr'>Oceani</span> <span class='ocrx_word' id='word_1_182' title='bbox 879 3021 958 3067; x_wconf 83' lang='lat' dir='ltr'>uxor</span> <span class='ocrx_word' id='word_1_183' title='bbox 973 3002 1080 3067; x_wconf 87' lang='lat' dir='ltr'>nutrix</span> <span class='ocrx_word' id='word_1_184' title='bbox 1092 3001 1223 3067; x_wconf 87' lang='lat' dir='ltr'>Iunonis</span> <span class='ocrx_word' id='word_1_185' title='bbox 1241 3002 1433 3084; x_wconf 90' lang='lat' dir='ltr'>prohibet</span> 
     </span>
    </p>

    <p class='ocr_par' dir='ltr' id='par_1_9' title="bbox 149 3111 1432 3305">
     <span class='ocr_line' id='line_1_24' title="bbox 149 3111 1432 3194; baseline 0.002 -17"><span class='ocrx_word' id='word_1_186' title='bbox 149 3112 272 3183; x_wconf 81' lang='lat' dir='ltr'>20eam</span> <span class='ocrx_word' id='word_1_187' title='bbox 293 3114 325 3179; x_wconf 92' lang='lat' dir='ltr'>in</span> <span class='ocrx_word' id='word_1_188' title='bbox 347 3114 510 3178; x_wconf 88' lang='lat' dir='ltr'>Oceanum</span> <span class='ocrx_word' id='word_1_189' title='bbox 532 3111 685 3177; x_wconf 91' lang='lat' dir='ltr'>occidere.</span> <span class='ocrx_word' id='word_1_190' title='bbox 716 3112 778 3192; x_wconf 85' lang='lat' dir='ltr'>[hic</span> <span class='ocrx_word' id='word_1_191' title='bbox 800 3131 876 3194; x_wconf 88' lang='lat' dir='ltr'>ergo</span> <span class='ocrx_word' id='word_1_192' title='bbox 899 3113 1074 3194; x_wconf 85' lang='lat' dir='ltr'>septentrio</span> <span class='ocrx_word' id='word_1_193' title='bbox 1097 3113 1216 3192; x_wconf 77' lang='lat' dir='ltr'>maior]</span> <span class='ocrx_word' id='word_1_194' title='bbox 1241 3113 1292 3192; x_wconf 82' lang='lat' dir='ltr'>[de</span> <span class='ocrx_word' id='word_1_195' title='bbox 1312 3131 1377 3194; x_wconf 87' lang='lat' dir='ltr'>qua</span> <span class='ocrx_word' id='word_1_196' title='bbox 1398 3114 1432 3179; x_wconf 91' lang='lat' dir='ltr'>in</span> 
     </span>
     <span class='ocr_line' id='line_1_25' title="bbox 200 3223 541 3305; baseline -0.012 -13"><span class='ocrx_word' id='word_1_197' title='bbox 200 3225 357 3305; x_wconf 87' lang='lat' dir='ltr'>†creticis</span> <span class='ocrx_word' id='word_1_198' title='bbox 379 3223 541 3291; x_wconf 87' lang='lat' dir='ltr'>versibus:</span> 
     </span>
    </p>
   </div>
   <div class='ocr_carea' id='block_1_8' title="bbox 197 3414 1432 4415">
    <p class='ocr_par' dir='ltr' id='par_1_10' title="bbox 268 3414 998 3476">
     <span class='ocr_line' id='line_1_26' title="bbox 268 3414 998 3476; baseline -0.003 -12"><span class='ocrx_word' id='word_1_199' title='bbox 268 3421 283 3466; x_wconf 83' lang='grc'>3</span> <span class='ocrx_word' id='word_1_200' title='bbox 302 3415 429 3476; x_wconf 81' lang='lat' dir='ltr'>deiphyles</span> <span class='ocrx_word' id='word_1_201' title='bbox 447 3416 467 3460; x_wconf 71' lang='lat' dir='ltr'>I*</span> <span class='ocrx_word' id='word_1_202' title='bbox 485 3429 540 3461; x_wconf 86' lang='lat' dir='ltr'>corr</span> <span class='ocrx_word' id='word_1_203' title='bbox 557 3415 600 3461; x_wconf 83' lang='lat' dir='ltr'>Mu</span> <span class='ocrx_word' id='word_1_204' title='bbox 651 3416 666 3460; x_wconf 82' lang='lat'>5</span> <span class='ocrx_word' id='word_1_205' title='bbox 686 3429 766 3475; x_wconf 86' lang='lat' dir='ltr'>opopa</span> <span class='ocrx_word' id='word_1_206' title='bbox 784 3415 804 3461; x_wconf 72' lang='lat' dir='ltr'>ll</span> <span class='ocrx_word' id='word_1_207' title='bbox 821 3416 931 3475; x_wconf 83' lang='lat' dir='ltr'>Lycopeo</span> <span class='ocrx_word' id='word_1_208' title='bbox 950 3414 998 3462; x_wconf 86' lang='lat' dir='ltr'>Sch</span> 
     </span>
    </p>

    <p class='ocr_par' dir='ltr' id='par_1_11' title="bbox 197 3505 1432 3855">
     <span class='ocr_line' id='line_1_27' title="bbox 268 3505 1432 3574; baseline 0 -16"><span class='ocrx_word' id='word_1_209' title='bbox 268 3511 395 3570; x_wconf 79' lang='lat' dir='ltr'>ticalysto</span> <span class='ocrx_word' id='word_1_210' title='bbox 413 3509 433 3555; x_wconf 84' lang='lat' dir='ltr'><strong>F</strong></span> <span class='ocrx_word' id='word_1_211' title='bbox 451 3523 506 3556; x_wconf 88' lang='lat' dir='ltr'>corr</span> <span class='ocrx_word' id='word_1_212' title='bbox 523 3509 566 3555; x_wconf 82' lang='lat' dir='ltr'>Idu</span> <span class='ocrx_word' id='word_1_213' title='bbox 619 3511 648 3555; x_wconf 90' lang='lat'>11</span> <span class='ocrx_word' id='word_1_214' title='bbox 669 3505 704 3574; x_wconf 63' lang='lat' dir='ltr'>tell</span> <span class='ocrx_word' id='word_1_215' title='bbox 724 3508 771 3556; x_wconf 82' lang='lat' dir='ltr'>Soh</span> <span class='ocrx_word' id='word_1_216' title='bbox 826 3512 856 3556; x_wconf 82' lang='lat'>14</span> <span class='ocrx_word' id='word_1_217' title='bbox 874 3509 1026 3568; x_wconf 77' lang='lat' dir='ltr'>trapezosF</span> <span class='ocrx_word' id='word_1_218' title='bbox 1052 3507 1173 3568; x_wconf 76' lang='lat' dir='ltr'>Trapezos</span> <span class='ocrx_word' id='word_1_219' title='bbox 1192 3508 1432 3568; x_wconf 67' lang='lat' dir='ltr'>athaporcam</span> 
     </span>
     <span class='ocr_line' id='line_1_28' title="bbox 199 3602 1430 3664; baseline 0 -12"><span class='ocrx_word' id='word_1_220' title='bbox 199 3607 227 3664; x_wconf 87' lang='lat'>8,</span> <span class='ocrx_word' id='word_1_221' title='bbox 248 3608 260 3652; x_wconf 88' lang='lat'>1</span> <span class='ocrx_word' id='word_1_222' title='bbox 287 3618 335 3662; x_wconf 89' lang='lat' dir='ltr'>quo</span> <span class='ocrx_word' id='word_1_223' title='bbox 359 3609 459 3651; x_wconf 80' lang='lat' dir='ltr'>anctore</span> <span class='ocrx_word' id='word_1_224' title='bbox 482 3608 509 3649; x_wconf 91' lang='lat' dir='ltr'>ut</span> <span class='ocrx_word' id='word_1_225' title='bbox 533 3602 607 3649; x_wconf 87' lang='lat' dir='ltr'>simul</span> <span class='ocrx_word' id='word_1_226' title='bbox 630 3602 708 3649; x_wconf 85' lang='lat' dir='ltr'>verba</span> <span class='ocrx_word' id='word_1_227' title='bbox 733 3603 865 3664; x_wconf 82' lang='lat' dir='ltr'>‘Lycaonis</span> <span class='ocrx_word' id='word_1_228' title='bbox 889 3602 953 3650; x_wconf 87' lang='lat' dir='ltr'>fillos</span> <span class='ocrx_word' id='word_1_229' title='bbox 978 3602 1080 3650; x_wconf 80' lang='lat' dir='ltr'>fulmine</span> <span class='ocrx_word' id='word_1_230' title='bbox 1098 3602 1203 3650; x_wconf 81' lang='lat' dir='ltr'>necavit&#39;</span> <span class='ocrx_word' id='word_1_231' title='bbox 1227 3607 1284 3664; x_wconf 90' lang='lat' dir='ltr'>post</span> <span class='ocrx_word' id='word_1_232' title='bbox 1307 3603 1430 3653; x_wconf 80' lang='lat' dir='ltr'>‘mutavit’</span> 
     </span>
     <span class='ocr_line' id='line_1_29' title="bbox 197 3696 1430 3758; baseline 0 -11"><span class='ocrx_word' id='word_1_233' title='bbox 197 3698 339 3747; x_wconf 74' lang='lat' dir='ltr'>haiciamus</span> <span class='ocrx_word' id='word_1_234' title='bbox 356 3712 406 3744; x_wconf 91' lang='lat' dir='ltr'>non</span> <span class='ocrx_word' id='word_1_235' title='bbox 431 3710 493 3756; x_wconf 85' lang='lat' dir='ltr'>opus</span> <span class='ocrx_word' id='word_1_236' title='bbox 510 3696 615 3743; x_wconf 81' lang='lat' dir='ltr'>videtur.</span> <span class='ocrx_word' id='word_1_237' title='bbox 641 3697 685 3744; x_wconf 84' lang='lat' dir='ltr'>sed</span> <span class='ocrx_word' id='word_1_238' title='bbox 710 3697 774 3744; x_wconf 85' lang='lat' dir='ltr'>inter</span> <span class='ocrx_word' id='word_1_239' title='bbox 798 3698 862 3744; x_wconf 85' lang='lat' dir='ltr'>hanc</span> <span class='ocrx_word' id='word_1_240' title='bbox 887 3702 978 3757; x_wconf 84' lang='lat' dir='ltr'>etseq.</span> <span class='ocrx_word' id='word_1_241' title='bbox 1003 3697 1114 3745; x_wconf 83' lang='lat' dir='ltr'>fabulam</span> <span class='ocrx_word' id='word_1_242' title='bbox 1136 3697 1226 3758; x_wconf 83' lang='lat' dir='ltr'>periise</span> <span class='ocrx_word' id='word_1_243' title='bbox 1250 3698 1364 3744; x_wconf 80' lang='lat' dir='ltr'>voculam</span> <span class='ocrx_word' id='word_1_244' title='bbox 1388 3698 1430 3747; x_wconf 84' lang='lat' dir='ltr'>‘at’</span> 
     </span>
     <span class='ocr_line' id='line_1_30' title="bbox 197 3790 522 3855; baseline -0.009 -15"><span class='ocrx_word' id='word_1_245' title='bbox 197 3807 315 3855; x_wconf 80' lang='lat' dir='ltr'>perquam</span> <span class='ocrx_word' id='word_1_246' title='bbox 333 3790 467 3839; x_wconf 84' lang='lat' dir='ltr'>versimile</span> <span class='ocrx_word' id='word_1_247' title='bbox 484 3794 522 3838; x_wconf 83' lang='lat' dir='ltr'>cst</span> 
     </span>
    </p>

    <p class='ocr_par' dir='ltr' id='par_1_12' title="bbox 197 3883 1429 4415">
     <span class='ocr_line' id='line_1_31' title="bbox 266 3883 1428 3953; baseline 0.002 -21"><span class='ocrx_word' id='word_1_248' title='bbox 266 3885 407 3933; x_wconf 84' lang='lat' dir='ltr'>CLXXVII</span> <span class='ocrx_word' id='word_1_249' title='bbox 424 3884 556 3943; x_wconf 81' lang='lat' dir='ltr'>calystoF</span> <span class='ocrx_word' id='word_1_250' title='bbox 600 3887 630 3932; x_wconf 86' lang='grc'>16</span> <span class='ocrx_word' id='word_1_251' title='bbox 649 3885 743 3945; x_wconf 86' lang='lat' dir='ltr'>calysto</span> <span class='ocrx_word' id='word_1_252' title='bbox 761 3885 782 3930; x_wconf 76' lang='lat' dir='ltr'>F</span> <span class='ocrx_word' id='word_1_253' title='bbox 800 3900 854 3933; x_wconf 90' lang='lat' dir='ltr'>corr</span> <span class='ocrx_word' id='word_1_254' title='bbox 871 3885 914 3931; x_wconf 87' lang='lat' dir='ltr'>Mu</span> <span class='ocrx_word' id='word_1_255' title='bbox 957 3887 1069 3934; x_wconf 82' lang='grc'>16-17</span> <span class='ocrx_word' id='word_1_256' title='bbox 1085 3883 1201 3953; x_wconf 34' lang='grc' dir='ltr'>,(ΟαΙΙίεῑο</span> <span class='ocrx_word' id='word_1_257' title='bbox 1286 3885 1428 3935; x_wconf 88' lang='lat' dir='ltr'>concubuit&#39;</span> 
     </span>
     <span class='ocr_line' id='line_1_32' title="bbox 197 3976 1429 4061; baseline 0 -33"><span class='ocrx_word' id='word_1_258' title='bbox 197 3980 312 4028; x_wconf 87' lang='lat' dir='ltr'>videntur</span> <span class='ocrx_word' id='word_1_259' title='bbox 329 3979 428 4026; x_wconf 82' lang='lat' dir='ltr'>fabulae</span> <span class='ocrx_word' id='word_1_260' title='bbox 440 3977 549 4036; x_wconf 83' lang='lat' dir='ltr'>proxime</span> <span class='ocrx_word' id='word_1_261' title='bbox 567 3978 732 4025; x_wconf 83' lang='lat' dir='ltr'>antecedentis</span> <span class='ocrx_word' id='word_1_262' title='bbox 749 3978 840 4025; x_wconf 85' lang='lat' dir='ltr'>exitum</span> <span class='ocrx_word' id='word_1_263' title='bbox 858 3978 1021 4037; x_wconf 86' lang='lat' dir='ltr'>constituisse,</span> <span class='ocrx_word' id='word_1_264' title='bbox 1024 3976 1135 4061; x_wconf 54' lang='lat' dir='ltr'>fitque</span> <span class='ocrx_word' id='word_1_265' title='bbox 1153 3983 1247 4038; x_wconf 76' lang='lat' dir='ltr'>‘postea</span> <span class='ocrx_word' id='word_1_266' title='bbox 1265 4010 1311 4024; x_wconf 91' lang='grc'>...</span> <span class='ocrx_word' id='word_1_267' title='bbox 1329 3976 1429 4040; x_wconf 81' lang='lat' dir='ltr'>viginti&#39;</span> 
     </span>
     <span class='ocr_line' id='line_1_33' title="bbox 197 4059 1428 4139; baseline -0.002 -16"><span class='ocrx_word' id='word_1_268' title='bbox 197 4076 276 4123; x_wconf 80' lang='lat' dir='ltr'>aldem</span> <span class='ocrx_word' id='word_1_269' title='bbox 294 4073 377 4120; x_wconf 80' lang='lat' dir='ltr'>deberi</span> <span class='ocrx_word' id='word_1_270' title='bbox 404 4072 528 4139; x_wconf 76' lang='lat' dir='ltr'>suspicor,</span> <span class='ocrx_word' id='word_1_271' title='bbox 554 4072 595 4129; x_wconf 88' lang='lat' dir='ltr'>qui</span> <span class='ocrx_word' id='word_1_272' title='bbox 618 4072 691 4131; x_wconf 85' lang='lat' dir='ltr'>capiti</span> <span class='ocrx_word' id='word_1_273' title='bbox 710 4072 769 4118; x_wconf 91' lang='lat' dir='ltr'>XIV</span> <span class='ocrx_word' id='word_1_274' title='bbox 793 4073 887 4119; x_wconf 82' lang='lat' dir='ltr'>adlcvit</span> <span class='ocrx_word' id='word_1_275' title='bbox 911 4059 1140 4119; x_wconf 63' lang='lat' dir='ltr'>verba-CovIssIma</span> <span class='ocrx_word' id='word_1_276' title='bbox 1158 4073 1228 4120; x_wconf 86' lang='lat' dir='ltr'>‘haec</span> <span class='ocrx_word' id='word_1_277' title='bbox 1245 4077 1283 4120; x_wconf 86' lang='lat' dir='ltr'>est</span> <span class='ocrx_word' id='word_1_278' title='bbox 1301 4108 1307 4118; x_wconf 91' lang='lat'><strong>.</strong></span> <span class='ocrx_word' id='word_1_279' title='bbox 1326 4107 1332 4119; x_wconf 91' lang='lat'>.</span> <span class='ocrx_word' id='word_1_280' title='bbox 1353 4105 1360 4119; x_wconf 84' lang='lat'>.</span> <span class='ocrx_word' id='word_1_281' title='bbox 1379 4079 1428 4123; x_wconf 83' lang='lat' dir='ltr'>tre·</span> 
     </span>
     <span class='ocr_line' id='line_1_34' title="bbox 197 4164 1426 4232; baseline -0.001 -16"><span class='ocrx_word' id='word_1_282' title='bbox 197 4167 291 4216; x_wconf 84' lang='lat' dir='ltr'>decim&#39;.</span> <span class='ocrx_word' id='word_1_283' title='bbox 328 4169 358 4214; x_wconf 90' lang='lat'>19</span> <span class='ocrx_word' id='word_1_284' title='bbox 377 4164 450 4212; x_wconf 80' lang='lat' dir='ltr'>thetis</span> <span class='ocrx_word' id='word_1_285' title='bbox 464 4165 483 4209; x_wconf 71' lang='lat'>1⁴¹</span> <span class='ocrx_word' id='word_1_286' title='bbox 501 4179 556 4211; x_wconf 83' lang='lat' dir='ltr'>corr</span> <span class='ocrx_word' id='word_1_287' title='bbox 573 4165 615 4211; x_wconf 85' lang='lat' dir='ltr'>Mu</span> <span class='ocrx_word' id='word_1_288' title='bbox 669 4167 700 4213; x_wconf 78' lang='grc'>20</span> <span class='ocrx_word' id='word_1_289' title='bbox 718 4165 758 4213; x_wconf 89' lang='lat' dir='ltr'>hic</span> <span class='ocrx_word' id='word_1_290' title='bbox 770 4167 791 4211; x_wconf 79' lang='lat' dir='ltr'>F</span> <span class='ocrx_word' id='word_1_291' title='bbox 808 4166 866 4212; x_wconf 83' lang='lat' dir='ltr'>hoec</span> <span class='ocrx_word' id='word_1_292' title='bbox 883 4169 938 4214; x_wconf 89' lang='lat' dir='ltr'>coni</span> <span class='ocrx_word' id='word_1_293' title='bbox 950 4167 1000 4225; x_wconf 85' lang='lat' dir='ltr'>Mu,</span> <span class='ocrx_word' id='word_1_294' title='bbox 1018 4167 1111 4227; x_wconf 68' lang='lat' dir='ltr'>recepit</span> <span class='ocrx_word' id='word_1_295' title='bbox 1128 4167 1166 4213; x_wconf 91' lang='lat' dir='ltr'>Bu</span> <span class='ocrx_word' id='word_1_296' title='bbox 1184 4164 1194 4232; x_wconf 77' lang='grc' dir='ltr'>[Ι</span> <span class='ocrx_word' id='word_1_297' title='bbox 1216 4167 1284 4229; x_wconf 87' lang='lat' dir='ltr'>[hle.</span> <span class='ocrx_word' id='word_1_298' title='bbox 1298 4202 1303 4212; x_wconf 91' lang='lat'>.</span> <span class='ocrx_word' id='word_1_299' title='bbox 1317 4201 1323 4212; x_wconf 93' lang='lat'><em>.</em></span> <span class='ocrx_word' id='word_1_300' title='bbox 1336 4168 1426 4231; x_wconf 81' lang='lat' dir='ltr'>maior]</span> 
     </span>
     <span class='ocr_line' id='line_1_35' title="bbox 197 4257 1428 4323; baseline -0.001 -13"><span class='ocrx_word' id='word_1_301' title='bbox 197 4263 247 4311; x_wconf 77' lang='lat' dir='ltr'>ascl</span> <span class='ocrx_word' id='word_1_302' title='bbox 266 4260 291 4310; x_wconf 78' lang='grc' dir='ltr'>Σ</span> <span class='ocrx_word' id='word_1_303' title='bbox 343 4261 373 4306; x_wconf 78' lang='lat'>21</span> <span class='ocrx_word' id='word_1_304' title='bbox 398 4257 533 4305; x_wconf 83' lang='lat' dir='ltr'>creticisF</span> <span class='ocrx_word' id='word_1_305' title='bbox 555 4259 662 4305; x_wconf 75' lang='lat' dir='ltr'>arataeis</span> <span class='ocrx_word' id='word_1_306' title='bbox 686 4259 745 4322; x_wconf 89' lang='lat' dir='ltr'>(imo</span> <span class='ocrx_word' id='word_1_307' title='bbox 763 4261 871 4323; x_wconf 79' lang='lat' dir='ltr'>Arateis)</span> <span class='ocrx_word' id='word_1_308' title='bbox 893 4262 971 4309; x_wconf 82' lang='lat' dir='ltr'>Barth</span> <span class='ocrx_word' id='word_1_309' title='bbox 994 4262 1114 4322; x_wconf 79' lang='lat' dir='ltr'>probante</span> <span class='ocrx_word' id='word_1_310' title='bbox 1131 4260 1222 4308; x_wconf 87' lang='lat' dir='ltr'>Buutio</span> <span class='ocrx_word' id='word_1_311' title='bbox 1245 4260 1428 4309; x_wconf 55' lang='lat' dir='ltr'>eratosthenem</span> 
     </span>
     <span class='ocr_line' id='line_1_36' title="bbox 197 4351 719 4415; baseline -0.008 -13"><span class='ocrx_word' id='word_1_312' title='bbox 197 4354 342 4415; x_wconf 80' lang='lat' dir='ltr'>Bernhardy</span> <span class='ocrx_word' id='word_1_313' title='bbox 360 4352 483 4401; x_wconf 77' lang='lat' dir='ltr'>Eratosth.</span> <span class='ocrx_word' id='word_1_314' title='bbox 503 4366 526 4412; x_wconf 91' lang='lat' dir='ltr'>p.</span> <span class='ocrx_word' id='word_1_315' title='bbox 543 4355 589 4400; x_wconf 83' lang='grc'>149</span> <span class='ocrx_word' id='word_1_316' title='bbox 607 4351 719 4400; x_wconf 63' lang='lat' dir='ltr'>acacio?</span> 
     </span>
    </p>
   </div>
   <div class='ocr_carea' id='block_1_9' title="bbox 0 0 1546 4950">
    <p class='ocr_par' dir='ltr' id='par_1_13' title="bbox 0 0 1546 4950">
     <span class='ocr_line' id='line_1_37' title="bbox 0 0 1546 4950; baseline 0 0"><span class='ocrx_word' id='word_1_317' title='bbox 0 0 1546 4950; x_wconf 95' lang='lat' dir='ltr'> </span> 
     </span>
    </p>
   </div>
  </div>
 </body>
</html>
