3082 4950
742 231 783 296 79

150 390 258 453 antem
272 389 309 451 ut
325 402 396 451 eum
412 383 623 466 investigaret
638 384 755 450 monile
771 402 901 450 aureum
918 404 955 450 ex
971 384 1103 465 gemmis
1118 383 1194 450 fecit
1210 389 1242 449 ct
1257 383 1379 449 muneri

150 497 240 563 dedit
265 497 367 563 sorori
391 514 470 561 suae
490 494 679 577 Eriphylae,
709 514 791 576 quae
814 496 888 561 doni
913 495 1030 577 cupida
1051 495 1213 578 coniugem
1229 493 1386 577 prodidit.

149 608 363 691 Amphiaraus
388 607 570 673 Alcmaeoni
597 605 663 671 filio
689 625 747 672 suo
771 607 949 689 praecepit,
979 611 1015 671 ut
1036 611 1111 689 post
1133 626 1223 673 suam
1245 610 1378 671 mortem

148 738 270 802 poenas
293 724 437 784 amatre
459 723 675 799 exequeretur.
698 717 752 799 qui
773 723 943 800 postquam
966 718 1051 800 apud
1072 717 1199 783 Thebas
1220 723 1307 783 terra
1329 721 1379 782 cst

149 831 337 911 devoratus,
369 829 541 895 Alcmaeon
572 847 692 894 memor
720 830 822 910 patris
853 829 1018 911 praecepti
1043 829 1216 911 Eriphylen
1245 825 1407 894 matremh

149 960 240 1007 snam
263 940 430 1007 interiecit.
462 958 554 1022 quern
576 944 692 1022 postca
712 939 814 1007 iuriae
837 941 1049 1023 exagitarunt.

515 1146 547 1209 „s
588 1137 741 1203 LXXlIlI
761 1135 940 1219 Hypsipyle

235 1273 364 1357 Septem
390 1274 539 1339 ductores
563 1272 617 1354 qui
634 1273 761 1338 Thebas
785 1278 1002 1356 oppugnatum
1018 1272 1109 1339 ibant
1127 1273 1322 1339 devenerunt
1345 1273 1379 1338 in

149 1386 319 1465 Nemeam,
348 1383 401 1448 ubi
426 1382 605 1465 Hypsipyle
621 1383 775 1449 Thoantis
798 1382 865 1449 filia
886 1384 918 1448 in
940 1383 1094 1449 servitute
1112 1402 1245 1466 puerum
1261 1383 1379 1450 Arche·

149 1515 270 1562 morum
300 1496 367 1562 sive
391 1495 551 1576 Ophelten
576 1495 654 1576 Lyci
680 1494 766 1576 regis
790 1494 890 1560 filium
913 1495 1083 1560 nutriebat.
1116 1495 1166 1560 cui
1190 1513 1379 1577 responsum

151 1612 233 1689 erat,
261 1625 303 1673 ne
327 1607 359 1671 in
389 1611 476 1672 terra
499 1624 631 1699 puerum
655 1607 845 1687 deponeret,
876 1610 1045 1688 antequam
1074 1611 1186 1687 posset
1208 1605 1379 1672 ambulare.
1389 1604 1429 1668 10

150 1738 226 1801 crgo
246 1719 395 1783 ductores
420 1721 557 1799 septem,
586 1716 640 1799 qni
656 1716 782 1782 Thebas
807 1717 912 1798 ibant,
942 1735 1056 1799 aquam
1077 1722 1266 1799 quaerentes
1286 1718 1379 1784 deve-

149 1834 265 1896 nerunt
287 1829 330 1894 ad
354 1827 553 1912 Hypsipylen
582 1845 715 1909 eamque
739 1834 948 1911 rogaverunt,
977 1834 1014 1893 nt
1040 1828 1086 1894 ais
1109 1847 1225 1910 aquam
1250 1830 1380 1895 demon-

150 1945 277 2008 straret
305 1941 363 2006 illa
385 1940 500 2005 timens
517 1957 651 2021 puerum
675 1938 850 2005 interram
875 1941 1035 2024 deponere
1054 1940 1161 2022 apium
1188 1940 1378 2007 altissimum

150 2055 250 2136 †erat
273 2051 314 2116 ad
337 2050 474 2131 iontem,
504 2049 537 2115 in
559 2068 621 2131 quo
640 2068 773 2132 puerum
799 2051 957 2134 deposuit.
988 2069 1069 2133 quae
1094 2052 1168 2116 dnm
1190 2069 1305 2133 aquam
1330 2053 1377 2118 cis

149 2163 264 2244 tradit,
294 2163 390 2228 draco
412 2160 512 2227 fontis
535 2164 643 2226 custos
665 2180 798 2242 puerum
822 2163 936 2228 exedit.
966 2167 999 2227 at
1025 2162 1193 2228 draconem
1218 2163 1377 2229 Adrastus
1388 2159 1428 2224 15

150 2281 185 2341 et
198 2273 340 2356 claleteri
355 2273 539 2339 occiderunt
555 2278 587 2337 et
602 2273 722 2353 Lycum
737 2253 796 2355 pro
812 2273 990 2356 Hypsipyle
1004 2273 1166 2354 deprecati
1179 2279 1255 2338 sunt
1269 2273 1378 2339 ludos-

149 2404 212 2469 que
227 2402 326 2467 puero
346 2383 496 2449 funebres
519 2383 742 2465 instituerunt,
771 2384 826 2465 qui
847 2383 958 2465 quinto
975 2402 1099 2466 quoque
1119 2402 1202 2451 anno
1219 2383 1314 2466 fiunt,
1340 2385 1373 2450 in

152 2497 267 2580 quihus
289 2495 426 2562 victores
449 2493 593 2576 apiacam
613 2512 763 2561 coronam
783 2494 952 2577 accipiunt.

622 2691 737 2757 LXXV
760 2689 900 2756 Tiresias

233 2829 272 2892 ln
286 2831 392 2893 monte
407 2826 550 2909 Cyllenio
571 2827 711 2894 Tiresias
730 2827 843 2894 Tueris
864 2826 949 2894 filius
970 2831 1083 2909 pastor
1104 2829 1259 2894 dracones
1281 2848 1376 2897 vene·

149 2944 260 3007 rantes
279 2938 394 3004 dicitur
418 2938 532 3004 haculo
553 2939 753 3023 percussisse
774 2939 855 3006 alias
881 2940 1032 3007 calcasse.
1061 2939 1101 3005 ob
1124 2939 1159 3005 id
1179 2939 1213 3005 in
1234 2920 1376 3008 mulieris
1384 2945 1427 3010 20

149 3051 284 3134 figlinam
301 3053 351 3116 est
368 3067 550 3117 conversus.
568 3057 684 3133 postea
696 3051 835 3118 monitus
853 3071 873 3117 a
889 3051 1028 3118 sortibus
1044 3050 1076 3116 in
1093 3052 1204 3118 eodem
1217 3051 1287 3117 loco
1303 3053 1377 3118 dra-

150 3179 245 3228 cones
275 3179 346 3226 cum
369 3161 526 3228 calcasset
553 3162 638 3228 redit
661 3162 706 3237 in¹
722 3162 890 3245 pristinam
919 3162 1066 3245 speciem.
1098 3163 1210 3228 eodem
1233 3167 1376 3245 tempore

149 3274 234 3340 inter
254 3273 363 3338 Iovem
393 3277 427 3338 et
449 3272 602 3338 Iunonem
629 3272 689 3338 init
713 3273 822 3339 iocosa
847 3273 1027 3355 altercatio,
1056 3273 1128 3356 quis
1151 3273 1253 3356 magis
1273 3275 1313 3339 de
1341 3293 1376 3339 re

149 3402 286 3452 venerea
301 3382 495 3466 voluptatem
514 3387 650 3466 caperet,
672 3383 833 3449 masculus
850 3402 891 3449 an
905 3383 1079 3465 qoqemina:
1098 3384 1140 3450 de
1159 3402 1222 3465 qua
1236 3403 1271 3449 re
1289 3384 1376 3450 Tire·

150 3496 231 3562 siam
256 3493 391 3560 iudicem
414 3498 619 3577 sumpserunt
648 3494 702 3576 qui
721 3499 890 3577 utrumqne
914 3498 985 3560 erat
1009 3494 1133 3579 lsexuml
1158 3499 1317 3577 expertus.
1345 3496 1374 3562 is
1384 3499 1426 3567 25

150 3625 221 3673 cum
238 3606 409 3673 secundum
427 3606 534 3672 Iovem
550 3586 738 3688 iudicasset,
759 3606 838 3673 Iuno
854 3605 939 3672 irata
958 3611 1085 3684 imann
1103 3623 1216 3673 aversa
1232 3625 1303 3673 eum
1322 3627 1375 3674 ex-

217 3838 326 3886 LXXIII
342 3837 472 3900 hyosipyle
488 3837 562 3886 index
615 3818 788 3900 cophimos*
812 3854 866 3888 corr
883 3839 927 3888 hin
979 3842 1011 3888 13
1028 3840 1156 3888 tcrramT
1180 3845 1247 3887 uera
1264 3840 1320 3889 coni
1336 3841 1375 3888 Bu

151 3935 182 3982 ll
201 3932 270 3982 ‘erat’
287 3937 440 3994 suspectum,
458 3931 585 3981 obseram

219 4031 251 4077 la
268 4026 355 4075 curimi
369 4026 390 4073 T
406 4026 483 4074 eserie
500 4027 544 4074 lin
557 4028 647 4089 periali
661 4028 739 4078 schol.
757 4027 817 4077 Stat
831 4025 909 4076 Theb.
921 4029 948 4077 11
967 4029 999 4077 95
1016 4042 1040 4088 p.
1053 4031 1085 4077 48
1098 4024 1109 4095 ΙΙ
1121 4029 1240 4078 dracones
1258 4043 1373 4078 coeun-

149 4127 200 4173 tes
216 4122 326 4170 calecam
344 4119 432 4169 dicitur
450 4122 526 4170 schol.
544 4124 560 4170 l.
573 4137 592 4170 o
611 4138 635 4184 p.
647 4125 681 4172 49
699 4138 729 4172 ex
747 4123 821 4172 Ovid.
840 4123 898 4172 Met.
912 4123 948 4170 111
966 4124 1016 4170 324
1069 4126 1100 4171 21
1120 4138 1214 4182 uersus,
1232 4128 1259 4172 ut
1277 4124 1373 4172 ovidius

149 4215 230 4264 refert.
253 4216 332 4264 schol.
349 4215 366 4262 l.
379 4229 401 4262 c.
417 4230 442 4276 p.
455 4219 488 4265 49
509 4212 520 4283 Ι
544 4218 569 4263 in
592 4218 696 4265 eundem
719 4219 800 4266 locum
823 4214 939 4264 ‘rediit
963 4216 1041 4263 schol.
1058 4217 1103 4265 l.c
1120 4233 1149 4265 ex
1167 4217 1240 4265 Ouid.
1259 4218 1275 4264 l.
1290 4232 1309 4264 c.
1323 4218 1372 4266 331

150 4312 182 4359 22
201 4308 246 4357 ‘eo'
263 4310 329 4357 idem
379 4312 412 4358 25
429 4308 528 4376 {sexum}
548 4325 594 4359 om.
613 4311 635 4358 1⁴¹
657 4311 761 4360 accessit
783 4311 945 4360 ascholio
995 4312 1027 4360 26
1045 4311 1108 4359 irata
1124 4324 1213 4359 manue
1235 4310 1287 4359 eius
1304 4325 1373 4371 prae·

149 4403 210 4452 cidit
226 4407 251 4453 et
267 4402 408 4452 excaecarit
423 4404 493 4453 schol
508 4405 525 4453 l.
538 4419 560 4453 c.
577 4404 699 4468 myffiogr.
715 4402 773 4453 Vct
789 4406 815 4453 11
832 4408 865 4455 84
