3082 4950
739 239 801 304 XII

154 389 286 456 CXLIII
307 389 492 457 Phoroneus
796 393 970 460 CLXXVII
992 393 1124 459 Callisto

153 500 266 566 CXLV
288 501 399 568 Niobe.
419 504 455 568 Io
795 505 957 572 CLXVIII
977 504 1109 570 Danaus

153 613 332 678 CXLVIIII
353 614 508 696 Epaphus
795 616 998 682 CLXVIIIIA
1019 617 1194 698 Amymone

155 721 207 788 CL
229 724 469 791 Titanomaohia
979 729 995 767 Β
1017 728 1192 809 Amymone

217 834 286 901 CLI
304 836 457 918 Typhone
476 842 510 902 et
525 837 670 904 Echidna
688 855 742 919 gc·
792 838 906 906 CLXX
935 837 1021 903 filiae
1050 837 1154 903 Danai
1186 854 1268 919 quae
1301 854 1381 919 quos

348 947 406 1012 niti
979 949 1163 1016 occiderunt

217 1058 325 1125 CLIIA
346 1060 479 1141 Typhon
792 1061 983 1128 CLXXVIII
1005 1061 1135 1142 lluropa

154 1168 259 1235 CLIIB
279 1170 445 1236 Phaethon
792 1171 949 1238 CLXXIX
971 1172 1093 1238 Semele

153 1280 255 1347 CLIII
277 1281 450 1347 Deucalion
473 1284 507 1345 et
528 1280 651 1362 Pyrrha
856 1284 1057 1350 CLXXXIIA
1078 1282 1197 1348 Oceani
1218 1281 1304 1347 filiae

216 1392 314 1458 CLIV
337 1392 511 1458 Phaethon.
545 1392 698 1458 Heliades
792 1395 995 1460 CLXXXIIB
1017 1393 1123 1460 Liberi
1144 1393 1285 1458 nutrices

152 1503 280 1570 CLXXI
303 1504 440 1568 Althaea
856 1506 1047 1572 CLXXXIII
1071 1524 1221 1588 equorum
1242 1504 1325 1570 Solis
1348 1507 1380 1569 et

152 1614 297 1679 CLXXII
319 1615 447 1679 Oeneus
1112 1616 1269 1681 Horarum
1324 1635 1380 1679 no·

153 1723 315 1801 CLXXIII
347 1726 401 1807 qui
433 1727 475 1791 ad
507 1746 617 1810 aprum
649 1727 740 1810 Caly·
1113 1728 1200 1792 mina

391 1838 518 1903 donium
539 1839 646 1904 ierunt
791 1839 933 1905 CLXXX
956 1842 1096 1904 Actaeon

153 1945 331 2013 CLXXIIII
355 1948 514 2032 Meleager
855 1949 1024 2031 [CLXXXI
1054 1948 1168 2028 Diana]
1202 1954 1236 2013 et
1266 1966 1377 2012 canum

152 2056 294 2123 CLXXV
315 2060 433 2141 Agrius
1102 2059 1230 2125 nomina

152 2168 308 2237 CLXXVI
330 2173 457 2254 Lycaon

471 2282 683 2349 CLXXXIVl
705 2282 867 2349 Pentheus
890 2287 923 2348 et
943 2285 1054 2365 Agaue

236 2394 328 2459 Hanc
349 2394 447 2477 igitur
467 2394 609 2459 tabulam
632 2394 684 2476 qui
706 2394 881 2476 inspexerit
898 2393 991 2459 facile
1013 2393 1204 2474 observabit,
1227 2392 1380 2475 ampliore

151 2503 330 2586 fragmento
352 2506 555 2587 genealogice
577 2505 847 2572 CLV-CLXIII
873 2507 997 2571 secluso
1022 2506 1164 2571 ordinem
1186 2505 1226 2569 ab
1252 2509 1381 2569 auctore

151 2616 332 2682 institutum
353 2618 414 2682 hac
435 2636 499 2682 una
521 2619 561 2683 de
583 2636 698 2683 caussa
720 2618 848 2700 gravius
871 2617 1033 2682 turbatum
1052 2635 1133 2698 esse,
1155 2617 1239 2698 quod
1258 2620 1381 2696 septem

151 2726 208 2791 illa
222 2730 328 2809 capita
342 2727 619 2794 cnxrvA-vss.
635 2728 762 2794 CXLVI
773 2768 808 2777 —
818 2729 902 2809 VIII,
918 2729 1031 2810 quibus
1049 2746 1132 2793 nunc
1146 2727 1284 2791 medium
1298 2726 1382 2791 inter

153 2838 260 2919 capita
278 2839 359 2904 CXL
382 2846 414 2904 et
431 2839 529 2905 CXLI
552 2840 653 2905 locum
676 2840 940 2921 recuperavimus,
962 2841 995 2904 in
1018 2840 1099 2904 duos
1120 2820 1300 2920 manipulos
1317 2839 1382 2904 dis-

151 2954 256 3014 tracta
278 2950 399 3015 alienos
421 2951 509 3016 locos
531 2950 726 3015 invaserunt.
771 2952 819 3015 Ab
835 2950 1029 3032 Apollodoro
1051 2950 1303 3032 mythographus
1326 2969 1382 3015 no·

153 3065 219 3125 ster
240 3061 272 3125 in
295 3061 355 3126 hac
376 3081 410 3126 re
435 3062 504 3126 sola
524 3061 675 3144 discedit,
703 3062 789 3144 quod
814 3062 868 3127 ille
887 3060 1011 3127 fabulas
1033 3062 1159 3126 Atticas
1180 3061 1275 3125 tertio
1299 3060 1381 3125 libro

151 3191 316 3238 reservare
337 3173 462 3253 maluIt3
485 3173 517 3237 in
532 3173 656 3255 reliqua
671 3172 846 3256 argumenti
863 3173 1072 3254 dispositi0ne
1094 3177 1186 3236 tanta
1200 3177 1250 3237 est
1263 3154 1383 3254 Hygini
1424 3167 1427 3174 ’

153 3288 186 3348 et
202 3284 387 3365 Apollodori
410 3285 579 3350 concordia
597 3291 717 3366 quanta
739 3267 916 3367 exspectari
933 3289 1041 3366 potest
1062 3285 1094 3348 In
1110 3284 1265 3365 scriptore
1282 3284 1381 3348 latino

153 3414 244 3477 quem
267 3413 381 3477 graeco
398 3396 632 3479 mythographo
655 3396 778 3461 itineris
795 3397 875 3461 duce
891 3415 982 3460 usum
1000 3413 1072 3460 esse
1093 3413 1293 3477 nequaquam
1309 3413 1382 3460 con·

153 3509 227 3571 stat.
258 3507 332 3588 quin
360 3509 456 3573 etiam
478 3507 572 3588 illud,
603 3508 687 3590 quod
716 3508 749 3573 in
771 3507 914 3589 Hygino,
946 3507 1000 3589 qui
1021 3507 1149 3587 dicitur,
1178 3506 1382 3573 DeucalionIs

151 3617 279 3683 fabulae
301 3619 450 3684 continuo
474 3619 598 3684 adnexa
620 3624 670 3684 est
691 3620 732 3684 de
759 3637 836 3700 apro
860 3618 1025 3700 calydonio
1046 3617 1187 3682 narratio
1209 3636 1248 3682 ex
1271 3617 1382 3682 eodem

152 3729 347 3813 Apollodoro
362 3729 545 3795 facillimum
561 3729 660 3795 hahet
674 3730 874 3811 eprIcatum.
913 3729 975 3794 Hic
990 3729 1073 3794 enim
1088 3734 1257 3811 postquam
1273 3728 1383 3794 diluvii

152 3841 343 3907 mentionem
358 3841 433 3906 lecit
448 3844 476 3920 (Ι
490 3843 518 3922 l,
534 3843 566 3920 2)
581 3841 716 3922 primum
730 3841 934 3906 Aeolidarum
950 3841 1082 3922 stirpem
1095 3845 1251 3920 recenset,
1267 3840 1382 3904 deinde

150 3954 167 4018 Ι
190 3957 218 4033 ὃ,
243 3953 337 4017 1-6
359 3952 458 4018 Oenei
474 3953 629 4017 Althaeae
645 3952 799 4034 Meleagri
813 3952 909 4017 rebus
926 3952 1078 4034 expositIs
1102 3952 1143 4016 ad
1162 3969 1274 4032 aprum
1291 3950 1383 4032 Caly-

151 4063 280 4129 donium
307 4063 431 4129 transit
462 4063 495 4127 in
518 4063 662 4145 Hygino,
694 4063 810 4145 quippe
838 4064 891 4145 qui
921 4082 1044 4129 omnem
1071 4061 1262 4127 narrationis
1284 4061 1381 4126 telam

152 4174 192 4239 ah
213 4175 324 4239 Inachi
352 4182 448 4257 gente
478 4173 614 4239 exordiri
643 4174 805 4254 maluerit,
836 4174 1020 4255 cataclysmi
1048 4172 1157 4238 fabula
1185 4192 1248 4237 non
1278 4172 1382 4238 minus

152 4304 246 4368 quam
269 4286 495 4351 titanomachia
516 4286 640 4350 intexta
654 4285 780 4367 quidem
799 4290 850 4350 est
864 4304 968 4349 rerum
985 4285 1024 4348 ab
1039 4283 1201 4350 Inachidis
1219 4288 1382 4366 gestarum

152 4396 338 4476 historiolis,
360 4401 516 4462 attamen
532 4397 577 4477 (id
593 4397 677 4478 qood
695 4402 791 4478 caput
805 4396 851 4462 rei
867 4401 928 4476 est)
951 4400 1027 4478 post
1048 4413 1072 4461 c.
1088 4394 1190 4461 CLIII
1205 4396 1237 4460 in
1256 4401 1382 4478 tempus
