3082 4950
740 232 786 298 XI

151 385 271 450 ratinni
287 385 412 451 cuidam
427 385 459 450 in
474 385 620 452 Zamclrii
635 382 727 451 nnnc.
742 386 838 451 litter.
859 384 949 450 1864.
972 404 1002 448 n.
1016 384 1060 450 46
1081 403 1111 465 p.
1129 381 1210 447 1197
1225 378 1381 462 prolatae,

151 497 185 563 in
207 497 361 578 amphora
383 497 478 562 etiam
501 497 637 562 anziana
664 498 753 577 (vide
776 503 900 579 compte
921 497 1042 561 rendue
1066 497 1106 560 do
1127 493 1160 558 la
1182 490 1382 557 commission

151 607 316 689 imperiale
337 607 580 689 archeologique
601 608 781 690 pour1862
804 626 882 672 avec
903 626 945 673 un
968 607 1052 673 atlas
1071 606 1116 671 St.
1132 602 1274 669 Petersb.
1298 602 1381 667 1863

151 718 215 784 tab.
232 720 292 801 VI)
314 720 463 801 Marsyae
492 737 563 785 cum
585 720 733 802 Apolline
761 725 920 784 certamen
951 723 984 783 et
1004 719 1157 782 lunonem
1186 715 1226 779 ab
1247 713 1383 778 Vulcani

151 829 286 895 maculis
317 831 455 896 solutam
482 831 693 913 Liberumque
720 836 844 914 patrem
872 831 912 896 ab
941 827 1061 895 artifice
1090 846 1162 895 esse
1183 825 1382 892 consociatos

151 959 214 1006 non
236 945 362 1007 tantum
378 941 542 1007 tribuerim
559 947 594 1006 ut
609 942 728 1007 nullam
744 942 878 1024 amplius
895 939 1061 1006 dubitandi
1076 957 1223 1005 caussam
1238 937 1381 1004 relictam

151 1053 254 1116 dIcam
277 1058 317 1131 (c.
333 1052 416 1117 enim
431 1053 577 1119 CLXVII
593 1071 632 1119 ex
646 1043 853 1119 CLXXVIIII
869 1070 1054 1135 expressum
1070 1069 1143 1116 esse
1159 1049 1381 1127 arbitramur);

152 1181 255 1244 neque
276 1164 335 1228 hoo
357 1169 545 1245 argumento
561 1165 608 1230 uti
623 1164 718 1230 velim
733 1165 819 1246 quod
841 1165 923 1229 aliae
945 1182 1069 1245 quoque
1090 1160 1227 1240 fabulae,
1249 1178 1381 1241 quarum

152 1274 291 1356 origines
314 1281 390 1339 sunt
404 1274 540 1356 Atticae,
561 1276 631 1340 loco
652 1275 882 1357 importuniore
900 1280 1078 1353 narrantur,
1098 1272 1206 1353 veluti,
1228 1276 1382 1336 utimum

152 1386 330 1467 exemplum
352 1387 551 1467 depromam,
579 1386 770 1452 Philomelae
795 1386 910 1466 (XLV)
935 1390 967 1451 et
989 1383 1160 1450 Erechthei
1181 1382 1314 1460 (XLVI)
1335 1381 1382 1446 fa·
1438 1417 1439 1420 =

150 1496 245 1562 bulas
264 1521 307 1543 2—
331 1498 388 1562 sed
419 1497 651 1564 validissimum
677 1504 898 1578 argumentum
927 1497 987 1561 hoc
1018 1515 1147 1574 censeo,
1180 1493 1279 1576 quod,
1310 1511 1380 1558 cnm

151 1626 176 1674 c
194 1607 323 1674 CLXIV
354 1607 530 1689 (Athenae)
558 1609 719 1674 vindicare
748 1609 808 1673 sibi
841 1614 979 1690 nequeat
1006 1607 1209 1690 Fulgentius,
1238 1605 1300 1669 duo
1331 1622 1381 1670 se·

152 1718 281 1800 quentia
303 1719 409 1800 capita
429 1719 655 1802 proscribendo
678 1739 741 1785 non
766 1721 898 1785 multum
920 1718 1092 1801 profecturi
1114 1735 1271 1794 essemus,
1304 1734 1381 1797 quo·

151 1831 236 1894 niam
254 1829 304 1895 vel
321 1832 367 1895 sic
384 1831 514 1896 heroum
530 1831 658 1897 fabulae
673 1851 737 1897 una
753 1837 838 1897 certe
851 1830 1019 1896 historiola
1034 1830 1185 1895 aliorsum
1201 1828 1382 1910 pertinente

150 1940 382 2006 dirimerentur.
427 1943 549 2019 Quodsi
569 1942 640 2008 fieri
660 1963 723 2008 non
746 1950 862 2025 potest,
886 1943 960 2025 quin
983 1943 1038 2007 uni
1059 1940 1154 2007 alicui
1175 1938 1303 2005 fabulae
1324 1941 1381 2002 At

150 2051 233 2117 tIcac
254 2053 504 2133 patrocinemur,
533 2073 595 2118 non
616 2059 666 2119 est
684 2057 769 2136 quod
787 2055 926 2136 reliquas
945 2055 1018 2119 odio
1041 2069 1286 2134 persequamur:
1316 2050 1380 2115 imo

150 2162 325 2227 Minervam
349 2164 444 2229 etiam
467 2165 540 2246 plus
564 2184 627 2230 uno
649 2166 754 2247 capite
778 2166 930 2231 celebrari
948 2164 1147 2229 laetabimur.
1176 2181 1213 2227 ac
1229 2162 1381 2245 profecto,

150 2273 179 2338 si
198 2274 263 2338 tria
282 2273 340 2339 illa
362 2274 468 2356 capita
489 2276 581 2341 nobis
603 2277 776 2342 recidenda
796 2277 946 2356 fuissent,
977 2276 1063 2341 haud
1084 2274 1179 2339 dubie
1201 2273 1380 2354 quaesitum

151 2391 252 2465 esset,
282 2385 357 2466 quid
386 2391 548 2451 auctorem
576 2388 796 2468 commoverit,
817 2392 854 2453 ut
878 2406 986 2453 earum
1010 2386 1188 2452 fabularum
1210 2385 1242 2448 in
1267 2384 1381 2465 quibus

150 2495 312 2560 MInervae
333 2502 442 2577 partes
464 2497 587 2577 priores
610 2505 719 2564 essent
737 2498 929 2564 deferendae
946 2498 1064 2562 nullam
1083 2496 1381 2562 commemoratione

151 2606 279 2688 dignam
296 2606 437 2672 baberet.
458 2608 566 2689 itaque
582 2608 650 2673 iure
667 2609 744 2673 mibi
759 2610 869 2675 videor
882 2609 914 2673 in
932 2608 1093 2673 sententia
1108 2626 1180 2672 mea
1193 2625 1381 2688 permanere

151 2734 175 2783 c.
192 2717 421 2783 CLXIV—Vl
443 2736 521 2783 casu
537 2718 642 2800 aliquo
658 2739 676 2784 e
692 2720 806 2784 vicinia
822 2719 935 2802 capitis
951 2719 1032 2785 CXL
1051 2721 1083 2784 iu
1099 2737 1169 2784 earn
1186 2736 1281 2800 quam
1297 2735 1381 2782 nunc
1486 2722 1492 2737 ”

150 2835 308 2912 occupant
320 2829 429 2894 sedem
443 2830 651 2895 aberravisse.
682 2831 805 2897 Licebit
819 2832 882 2897 iam
900 2830 1130 2912 aliquantisper
1142 2831 1255 2911 pedem
1273 2828 1381 2910 figere,

150 2946 183 3006 et
209 2941 263 3022 qui
291 2939 437 3005 videatur
464 2942 619 3022 pristinus
649 2942 788 3024 capitum
817 2941 1272 3008 CXXXVlll—-CLXXXIVA
1301 2941 1380 3005 ordo

150 3051 249 3116 fuisse
270 3050 391 3116 inserta
411 3052 473 3118 hac
493 3053 604 3118 tabula
626 3059 882 3136 repraesentare:
1033 3088 1049 3114 x

104 3168 108 3174 '
153 3161 235 3229 CLV
257 3161 343 3226 Iovis
364 3161 421 3226 filii
796 3166 949 3232 CLXIVA
972 3166 1118 3229 Athenae

152 3272 253 3339 CLVI
277 3272 360 3338 Solis
382 3272 439 3338 filii
933 3277 948 3315 Β
971 3277 1119 3357 Orpheus

152 3383 267 3449 CLVII
290 3384 432 3465 Neptuni
451 3383 509 3449 filii
935 3388 949 3428 ⁰
971 3388 1102 3470 Myrrha

151 3484 1074 3582 mmm'fflm

151 3605 298 3672 CLVIIII
319 3605 433 3671 Martis
454 3605 512 3671 filii
792 3610 920 3677 CLXVI
939 3609 1164 3675 Erichthonius

151 3716 233 3781 CLX
255 3716 403 3782 Mercurii
424 3716 482 3783 filii
792 3721 935 3787 CLXVII
957 3722 1054 3787 Liber

151 3828 250 3894 CLXI
270 3829 429 3910 Apollinis
450 3828 507 3893 filii
791 3833 918 3898 CXLVI
939 3830 1133 3914 Proserpina

152 3938 266 4005 CLXII
289 3939 436 4005 Herculis
456 3939 513 4005 filii
790 3943 934 4010 CXLVII
957 3962 1068 4008 currus
1090 3942 1275 4024 Triptolemi

151 4050 281 4116 CLXIII
303 4052 481 4117 Amazones
790 4055 951 4121 CXLVIII
972 4055 1145 4120 Vulcanus.
1167 4052 1342 4117 Harmonia

151 4141 523 4246 ffllilsnlliii'ih
534 4161 635 4228 tiliam
645 4184 739 4230 versa
790 4165 888 4230 CXLI
910 4166 1035 4230 Sirenes

152 4274 359 4340 CXXXVIIII
383 4276 516 4341 Curetes
790 4277 905 4342 CXLII
924 4277 1072 4342 Pandora

152 4384 234 4452 CXL
256 4384 380 4469 Python
790 4387 918 4453 CXLIV
940 4388 1148 4454 Prometheus
