3082 4950
796 227 839 292 46

201 397 380 446 emensos
402 378 532 445 Alconis
554 379 638 445 lilius
668 381 707 445 ab
729 381 873 446 Athenis,
923 379 1082 464 hunuanus
1105 383 1204 463 Aegei
1234 385 1266 447 et
1291 383 1436 449 Aethrae

202 490 320 556 Pittbei
340 489 425 555 filiae
451 490 535 556 filius
559 510 578 556 a
600 492 777 572 Troezene;
807 492 862 557 alii
883 492 974 557 aiunt
998 493 1037 559 ab
1062 494 1207 559 Athenis.
1250 512 1437 563 stairnons

201 601 319 666 Ixionis
341 601 425 667 filius
446 602 546 668 frater
567 608 789 668 centaurorum
809 604 1000 687 Thessalusl
1036 623 1160 671 uisura
1184 604 1379 672 Phorbantis
1403 611 1437 671 et

201 781 370 864 Hyrmines
385 780 469 847 filius
485 782 662 868 Baeloltius.
685 741 806 862 [isfuit
827 784 1021 865 gubernator
1043 785 1132 849 navis
1148 786 1256 868 Argu]
1304 731 1435 852 onage

172 892 308 957 bLiberi
329 893 431 974 patris
455 897 487 956 et
500 894 658 959 Ariadnes
673 893 791 958 Minois
813 893 897 959 filiae
912 892 996 960 filius
1015 915 1052 960 ex
1075 895 1153 962 urbe
1167 896 1328 977 Phliunte,
1351 916 1435 979 quae

201 1008 251 1069 ost
278 1004 310 1068 in
333 1004 562 1086 Peloponneso.
594 1005 647 1070 alii
674 1007 766 1081 aiunt
787 1006 970 1071 Thebanum
979 1005 1041 1072 ***.
1083 1026 1260 1075 Haacvnns
1283 1008 1371 1073 Iovis
1402 1015 1435 1074 et

200 1115 393 1180 Alcumenae
408 1114 606 1197 Electryonis
622 1115 706 1181 filiae
722 1115 815 1197 filius,
838 1117 1016 1183 Thebanus.
1056 1136 1170 1184 irruas
1189 1118 1434 1185 Thiodamantis

201 1233 233 1291 et
254 1227 437 1292 Menodices
459 1227 617 1309 nymphae
639 1227 765 1293 Orionis
787 1227 871 1293 filiae
892 1227 986 1309 filius,
1008 1229 1193 1312 epbtolebus
1217 1248 1255 1294 ex
1271 1230 1434 1296 Oechalia.

114 1324 117 1329 ⁴
200 1338 254 1402 alii
276 1338 366 1402 aiunt
387 1356 426 1402 ex
448 1338 543 1420 Argis
567 1338 711 1404 comitem
734 1339 890 1404 Herculis.
934 1358 1102 1407 navemus
1124 1340 1265 1422 Neptuni
1288 1346 1322 1405 et
1337 1344 1434 1425 Amy·

151 1447 310 1513 10m0nes
327 1448 433 1513 Danai
446 1447 530 1514 filiae
545 1449 628 1514 filius
645 1450 791 1532 Argivus.
834 1468 945 1516 mmor
963 1451 1118 1533 Apollinis
1138 1456 1169 1517 et
1186 1452 1325 1534 Cyrenes
1341 1472 1432 1534 nym-

198 1561 282 1643 phae
304 1559 398 1641 filine,
421 1560 548 1642 quidam
571 1561 706 1627 Abantis
729 1563 852 1644 dicunt,
873 1562 1021 1644 Argivus,
1049 1563 1101 1627 hic
1123 1563 1256 1646 augurio
1279 1565 1432 1647 prudens,

199 1671 343 1754 quamvis
372 1665 628 1754 praedicentibus
658 1673 770 1739 avibus
795 1678 935 1753 ,mortem
964 1673 1025 1739 sibi
1056 1674 1236 1739 denuntiari
1264 1674 1433 1757 intellexit,

198 1783 289 1848 fatali
311 1788 418 1848 tamen
436 1783 568 1849 militiae
590 1803 653 1849 non
672 1784 781 1850 deluit.
818 1802 949 1850 aaaron
966 1792 998 1850 et
1012 1803 1149 1852 Ponavx
1167 1785 1252 1851 Iovis
1273 1791 1306 1852 et
1322 1787 1447 1853 Ledae-

199 1895 322 1958 Thestii
343 1893 428 1960 filiae
448 1894 514 1975 filii,
536 1895 788 1976 Lacedaemonii,
811 1896 864 1961 alii
880 1895 1056 1978 Spartanos
1078 1897 1197 1977 dicunt,
1219 1901 1353 1980 uterque
1374 1898 1433 1965 im·

151 2002 315 2070 15berbis.
344 2005 395 2071 his
418 2006 529 2070 eodem
552 2024 677 2088 quoque
694 2011 838 2089 tempore
860 2006 974 2073 stellae
996 2008 1029 2072 in
1051 2007 1209 2089 capitibus
1231 2013 1266 2073 ut
1285 2009 1434 2076 videren-

199 2122 253 2181 tur
274 2117 429 2182 accidisse
445 2117 601 2183 scribitur.
645 2136 799 2185 nrncavs
820 2122 853 2182 ot
867 2136 946 2184 rous
961 2118 1101 2201 Apharei
1120 2124 1154 2184 et
1171 2121 1294 2186 Arenae
1312 2121 1429 2187 Oebali

200 2228 286 2294 filiae
311 2226 381 2309 filii,
410 2229 562 2294 Messenii
592 2248 630 2294 ex
657 2228 904 2314 Pelopolnlneso.
936 2249 975 2295 ex
1001 2230 1051 2294 his
1080 2231 1226 2312 Lynceus
1255 2231 1313 2297 sub
1343 2238 1434 2300 terra

202 2358 345 2422 quaeque
367 2339 502 2405 latentia
530 2340 651 2406 vidisse
680 2341 795 2406 dicitur
824 2345 935 2423 [neque
965 2341 1031 2406 ulla
1053 2340 1188 2424 caligine
1209 2341 1434 2427 inhibebaturl.

202 2453 257 2517 alii
280 2452 369 2517 aiunt
389 2454 551 2535 Lynceum
573 2457 669 2518 noctu
691 2453 840 2534 †nullum
863 2453 992 2517 vidisse.
1016 2452 1109 2532 [idem
1132 2452 1191 2519 sub
1212 2458 1300 2519 terra
1317 2455 1434 2522 solitus

151 2568 331 2632 accennare
354 2563 458 2629 dictus
489 2572 539 2630 est
561 2563 650 2646 ideo,
679 2565 764 2646 quod
794 2564 989 2630 aurifodinas
1012 2569 1114 2629 norat.
1143 2564 1172 2629 is
1202 2582 1273 2630 cum
1300 2567 1436 2633 deseen-

203 2675 301 2741 debat
329 2680 360 2741 et
387 2694 499 2740 aurum
527 2676 632 2740 subito
661 2677 866 2757 ostendebat,
896 2677 943 2741 ita
964 2695 1071 2740 rumor
1098 2674 1244 2742 sublatus
1272 2696 1344 2742 eum
1373 2678 1435 2745 sub

201 2792 289 2852 terra
311 2786 438 2851 solitum
460 2785 574 2852 videre.
608 2787 685 2852 item
706 2788 782 2853 Idas
805 2806 887 2868 acer,
908 2786 1016 2867 ieron]
1060 2805 1319 2855 rannonrmsnvs
1340 2788 1435 2856 Nelei

202 2901 235 2962 et
266 2897 424 2963 Chloridis
455 2897 641 2979 Amphionis
671 2903 704 2963 et
730 2897 849 2964 Niobes
879 2897 964 2963 filiae
993 2897 1086 2962 filius.
1119 2897 1181 2977 [hic
1210 2897 1280 2979 fuit]
1311 2898 1433 2982 Pylius.

201 3025 432 3074 hurmannus
460 3013 493 3073 et
515 3027 668 3075 cannava
690 3009 761 3073 Alei
789 3013 821 3074 et
843 3008 1010 3074 Cleobules
1039 3008 1096 3075 lilii
1118 3009 1159 3075 de
1181 3010 1326 3075 Arcadia.
1371 3030 1434 3078 an·

150 3121 309 3186 Pbcnavs
323 3120 461 3202 Lycurgi
482 3118 575 3201 filius,
598 3119 652 3184 alii
670 3125 817 3202 nepotem
840 3121 958 3200 dicunt,
980 3120 1148 3202 Tegeates,
1172 3119 1229 3203 {hic
1251 3121 1312 3186 fuit
1327 3123 1431 3189 Arcas

201 3250 327 3313 cursor,
353 3231 524 3314 iaculatorl
568 3249 702 3298 avenas
726 3231 809 3297 Solis
833 3237 866 3297 et
886 3232 1129 3317 yFNaupidames
1151 3231 1431 3313 Amphidamantis

202 3471 214 3515 1
233 3467 338 3514 alsontia
355 3466 376 3512 F
394 3479 456 3513 corr.
475 3464 523 3512 Seh
544 3461 554 3529 ss
575 3466 693 3513 ‘Theseus
712 3464 913 3514 ...Thessalus’
930 3465 988 3513 ina*
1012 3470 1069 3526 post
1087 3463 1257 3513 ‘inhabitabat’
1275 3466 1292 3511 l.
1308 3468 1338 3513 12
1356 3481 1381 3527 p.
1395 3469 1429 3517 45

200 3563 327 3621 leguntur,
350 3560 380 3607 el.
398 3558 476 3608 aehol.
493 3560 608 3619 Apollon.
625 3556 694 3608 ’535ἒι
713 3561 745 3608 25
797 3562 812 3608 4
835 3560 955 3620 hymenas
971 3560 1005 3620 1¹¹,
1032 3575 1093 3609 corr.
1112 3562 1239 3607 Burmann
1260 3555 1271 3625 ΙΙ
1291 3559 1430 3609 boecurt*

200 3671 261 3703 corr.
280 3655 373 3704 Comm.
402 3655 433 3702 es.
452 3654 542 3701 Philol.
561 3652 633 3699 XXV
650 3667 674 3713 p.
687 3655 738 3702 4³0
755 3650 766 3719 fl
782 3655 864 3714 Argus
882 3655 945 3702 eoni.
964 3655 985 3701 B
1004 3655 1048 3703 aad
1065 3655 1096 3702 ol.
1114 3656 1183 3702 Neue
1200 3632 1291 3702 Forml.
1310 3656 1323 3701 Ι
1339 3670 1364 3715 p.
1379 3659 1428 3706 aba

201 3747 277 3816 llpost
288 3748 370 3811 ‘Argo’
388 3749 446 3795 ins
463 3753 547 3796 extant
563 3748 637 3794 haee:
657 3748 745 3808 ‘Argus
763 3748 852 3809 Polybi
870 3753 894 3796 et
905 3749 996 3808 Argiae
1012 3749 1086 3798 lilius.
1104 3749 1147 3796 alii
1164 3750 1233 3796 aiunt
1244 3749 1326 3796 Danai
1339 3750 1427 3798 filium.

199 3846 240 3891 hio
263 3845 309 3891 fuit
331 3844 439 3903 Argivus
463 3844 528 3904 pelle
551 3842 648 3889 taurina
671 3842 787 3902 lanugine
811 3843 950 3903 adopertus.
980 3843 1001 3891 is
1025 3843 1071 3890 tuit
1096 3843 1229 3891 fabricator
1254 3843 1326 3889 navis
1351 3844 1428 3905 Argo'

201 3937 367 4004 llphliasusF
385 3951 448 3984 eorr.
466 3935 491 3986 Σ
544 3933 635 3986 dm
653 3933 678 3985 Σ
721 3937 872 3985 laloimene
888 3937 909 3982 F
926 3938 1052 3985 alemenae
1069 3938 1090 3983 F
1106 3941 1158 3999 pi
1177 3952 1231 3985 corr
1249 3934 1275 3986 Σ
1295 3933 1305 4003 ss
1324 3938 1428 3987 theoda·

200 4032 290 4082 mantis
307 4033 328 4079 P
346 4031 448 4080 eorr.B
495 4030 670 4078 8ilseeioaa'eea
688 4031 750 4078 coni.
768 4027 834 4098 Mul}
847 4032 943 4080 arsonis
961 4033 981 4078 P
999 4047 1062 4079 corr.
1079 4032 1122 4078 Mu
1166 4034 1197 4080 14
1215 4032 1280 4080 filius
1297 4032 1318 4078 F
1329 4031 1384 4092 filia·
1402 4031 1427 4083 Σ

202 4132 233 4177 16
256 4127 372 4175 bibaliF
395 4139 456 4171 corr.
476 4125 518 4171 Mu
572 4128 602 4173 19
627 4124 724 4172 maltam
748 4125 810 4172 coni.
835 4127 913 4172 Barth
965 4128 996 4175 22
1022 4126 1232 4187 periclimenuaF
1257 4140 1319 4174 corr.
1338 4126 1428 4175 Comm

201 4222 282 4290 fllnilei
299 4223 319 4268 P
336 4235 398 4268 corr.
417 4220 459 4265 Mu
506 4221 537 4267 23
556 4219 695 4279 amphinois
713 4221 733 4265 F
780 4223 812 4268 24
831 4220 1002 4280 amphidamus
1020 4221 1040 4266 P
1058 4236 1104 4267 em.
1122 4220 1165 4266 Mu
1185 4217 1195 4284 ΙΙ
1214 4220 1266 4280 egei
1284 4220 1304 4265 F
1322 4235 1369 4267 am.
1383 4222 1428 4269 Mu

199 4321 239 4366 25.
259 4319 290 4364 26
310 4317 357 4362 ‘hie
370 4351 375 4363 .
390 4351 394 4359 .
409 4349 413 4358 .
428 4312 572 4361 ‚iaculator’
589 4313 615 4360 in
626 4314 648 4359 F
666 4315 780 4374 leguntur
797 4319 853 4361 ants
872 4314 983 4375 ‘Iphitus’
1026 4317 1057 4364 26
1077 4313 1259 4375 ‘Naupidamas'
1271 4314 1303 4361 ad
1314 4314 1428 4376 Tiphyoa

199 4417 302 4460 matrem
319 4414 414 4470 spectat
