3082 4950
212 1323 348 1442 Ordinis
377 1389 470 1452 quem
498 1370 631 1453 vulgata
650 1369 829 1435 fabularum
857 1368 1051 1450 exemplaria
1077 1370 1189 1432 tenent
1217 1368 1251 1428 ut
1272 1381 1355 1444 quae

126 1479 170 1546 sit
191 1481 274 1545 ratio
297 1485 330 1546 et
345 1481 433 1564 origo
454 1481 597 1564 intellegi
610 1481 723 1564 possit,
744 1479 1008 1562 proficiscendum
1028 1478 1119 1543 nobis
1143 1480 1194 1542 est
1215 1473 1354 1555 acapite

67 1653 72 1663 .
126 1591 313 1657 CLXXXIV
340 1592 498 1656 Pentheus
519 1600 550 1656 et
572 1595 687 1678 Agenore
705 1593 872 1674 Inscripta
894 1592 926 1656 in
949 1610 1011 1673 quo
1032 1590 1106 1671 plus
1127 1589 1196 1654 vioe
1219 1585 1354 1668 simplici

124 1721 185 1767 non
206 1702 319 1768 leviter
339 1708 504 1785 peccatum
527 1708 585 1769 est.
636 1705 718 1769 Nam
747 1708 784 1769 ut
804 1708 967 1768 taceamus
996 1701 1075 1767 nihil
1097 1701 1173 1765 addi
1194 1700 1234 1764 de
1253 1700 1353 1780 Lyco·

123 1812 242 1879 thersis
265 1814 353 1879 obitu
375 1833 536 1897 regnoque
559 1815 685 1898 Illyrico
707 1815 827 1880 Cadmo
849 1815 982 1893 tradito,
1005 1831 1139 1895 quarum
1160 1829 1264 1876 rerum
1287 1810 1353 1892 Hy-

122 1924 216 2007 ginus
238 1924 321 1990 infra
342 1925 473 2008 (CCXL.
496 1927 634 2010 CCLIV)
655 1925 704 1990 ita
724 1925 876 2004 meminit,
899 1930 935 1990 ut
956 1943 1065 1989 earum
1087 1923 1148 1987 hoc
1170 1922 1266 1988 etiam
1281 1921 1352 1986 loco

122 2034 305 2101 meminisse
319 2038 482 2118 putandus
499 2038 550 2117 sit
565 2038 597 2102 in
614 2055 651 2103 eo
667 2036 853 2102 offendimus
868 2036 953 2118 quod
968 2034 1143 2100 narrationi
1158 2035 1199 2099 de
1210 2033 1352 2098 Pentheo

122 2152 154 2212 et
176 2149 287 2229 Agaue
308 2147 478 2214 institutae
500 2167 563 2213 non
586 2149 680 2213 modo
702 2148 845 2213 nonnihil
869 2148 909 2212 ad
932 2146 1149 2229 integritatem
1171 2146 1271 2223 deest,
1295 2145 1352 2209 sed

123 2257 219 2323 etiam
240 2257 427 2325 inconcinne
449 2258 630 2325 adnectitur
650 2258 760 2325 fabula
781 2260 878 2342 plane
904 2259 987 2324 alius
1009 2256 1202 2340 argumenti,
1230 2255 1262 2319 in
1286 2254 1352 2336 epi·

124 2376 300 2450 grammate
322 2371 418 2435 etiam
441 2371 594 2452 Cyzicena
617 2371 703 2435 anth.
727 2370 794 2436 Pal.
810 2371 860 2435 III
881 2370 901 2436 5
923 2369 1071 2435 enarrati.
1100 2368 1163 2433 iam
1183 2386 1259 2432 vero
1281 2385 1351 2431 cum

124 2480 272 2561 Meropes
294 2487 326 2546 et
341 2481 549 2563 Polyphontis
563 2481 723 2547 fortunam
744 2483 807 2546 iam
830 2500 854 2546 c.
870 2481 1061 2546 CXXXVIII
1077 2477 1221 2560 attigerit
1242 2481 1353 2542 auctor

122 2595 248 2670 noster,
271 2593 328 2656 sed
351 2592 501 2672 strictim,
531 2597 567 2657 ut
589 2592 772 2657 suboriatur
794 2592 934 2674 suspicio
957 2590 1072 2671 capitis
1096 2588 1182 2655 illius
1204 2607 1267 2653 non
1289 2587 1352 2653 nisi

123 2703 285 2768 exordium
309 2721 381 2768 esse
404 2708 578 2784 servatum,
600 2703 696 2768 finem
718 2704 869 2785 periisse,
891 2721 944 2768 res
964 2703 1038 2785 ipsa
1059 2700 1195 2767 suadere
1216 2701 1352 2781 videtur,

123 2819 158 2879 ut
179 2814 332 2880 ambobus
349 2816 507 2898 capitibus
522 2815 714 2895 (CXXXVII
730 2821 763 2880 et
777 2815 998 2893 cmxxxlvb)
1014 2814 1047 2879 in
1063 2831 1159 2878 unum
1175 2812 1351 2878 coniunctis

122 2924 279 3007 integram
303 2926 441 2992 auctoris
472 2927 687 2993 narrationem
716 2945 905 3008 recuperare
935 2926 1131 2991 studeamus.
1176 2925 1245 3002 Quo
1265 2923 1351 2988 iacto

122 3037 188 3103 tale
209 3036 352 3103 nascitur
373 3038 558 3104 historiolae
578 3038 716 3103 initium:
738 3037 964 3120 ‘Polyphontes
985 3035 1165 3102 Messeniae
1185 3054 1241 3100 rex
1259 3035 1351 3100 Ores·

122 3150 274 3231 phontem
302 3150 515 3216 Aristomachi
543 3149 642 3215 fillum
672 3167 741 3213 cum
770 3148 998 3228 interfecisset,
1028 3148 1097 3213 eius
1123 3146 1289 3228 imperium
1319 3150 1352 3210 et

123 3261 275 3343 Meropen
304 3281 432 3326 uxorem
460 3261 614 3343 possedit.
644 3284 709 3322 oum
736 3283 795 3342 qua
816 3263 1020 3340 Polyphontes
1048 3262 1143 3322 oooioo
1168 3261 1351 3336 Cresphonte

122 3392 247 3450 regnum
270 3376 432 3453 oooupavit.
462 3371 561 3438 filium
583 3376 689 3437 autem
712 3371 781 3436 eius
805 3369 959 3435 infantem
981 3370 1111 3451 Merope
1134 3371 1238 3432 mater
1262 3390 1350 3450 quom

123 3507 162 3546 ox
180 3488 363 3564 cresphonte
384 3488 512 3546 habebat
535 3483 691 3548 absconse
713 3484 754 3547 ad
778 3482 937 3564 hospitem
956 3482 988 3547 in
1006 3480 1162 3546 Aetoliam
1186 3479 1351 3543 mandavit

128 3601 161 3660 et
169 3614 198 3678 q.
214 3593 249 3661 s'.
291 3596 328 3659 In
344 3594 395 3660 his
418 3612 553 3677 eaquae
570 3599 646 3660 sunt
666 3599 749 3656 ‘cutm
765 3614 828 3678 putu
845 3641 851 3654 .
870 3642 876 3655 .
895 3639 902 3653 .
920 3594 1101 3677 oocrupuoit’
1121 3598 1155 3656 et
1169 3597 1273 3677 ‘quemn
1290 3640 1296 3653 .
1316 3639 1322 3653 .
1342 3639 1348 3653 .

122 3706 269 3770 hurbedut’
290 3706 399 3788 inepte
415 3705 501 3771 dicta
516 3723 588 3772 esse
603 3723 668 3770 una
684 3724 754 3770 cum
769 3704 1006 3787 depravationis
1022 3703 1144 3785 origine
1164 3702 1257 3769 facile
1279 3721 1350 3786 per-

123 3817 265 3900 spicitur,
308 3817 454 3900 Hyginus
471 3818 639 3883 enimcum
661 3817 741 3883 haec
763 3817 961 3899 scripsisset:
984 3815 1199 3898 ‘possedit3
1223 3815 1350 3880 tilium

12 3955 17 3964 ·
124 3934 253 3994 autem
277 3928 365 3994 eius
387 3928 585 3995 infantem
601 3930 763 4010 Merope
784 3928 1122 3994 materabsconse
1142 3926 1190 3992 ad
1211 3926 1352 4008 hospi·

122 4047 205 4134 tem·
223 4039 260 4103 iu
283 4039 484 4105 Aetoliam
507 4039 722 4104 mandavit’
745 4039 848 4105 locum
871 4039 1106 4106 accessionibus
1122 4037 1350 4120 suprapositis

123 4150 328 4233 amplificavit
356 4152 400 4232 IS,
430 4151 483 4233 qui
514 4153 597 4215 inter
628 4151 726 4216 verba
755 4151 979 4235 ‘Leucothersos
1008 4152 1145 4233 eucepit’
1174 4155 1208 4214 et
1236 4146 1349 4230 ‘filtrum

123 4271 228 4327 nartem
251 4265 328 4326 eius'
349 4264 464 4328 deesse
485 4262 637 4327 nonnulla
658 4262 780 4345 primus
802 4263 1020 4328 intellexisset.
1063 4261 1159 4340 Hinc,
1188 4260 1221 4324 ni
1247 4259 1350 4342 fallor,

123 4374 326 4441 manifestum
352 4380 402 4441 est
422 4373 535 4439 librum
557 4373 646 4438 illum
668 4393 754 4455 msc,
776 4393 868 4456 quem
884 4373 1077 4456 exemplaria
1095 4372 1181 4454 typis
1197 4391 1351 4457 expressa
