3082 4950
772 228 815 293 96

179 379 299 445 Acasto
319 379 405 462 patri
426 379 597 446 nunciavit.
626 381 768 463 quicum
791 381 935 448 uenisset
958 386 991 446 et
1014 381 1046 446 in
1063 380 1224 448 thalamos
1240 382 1414 466 irrupisset

126 530 128 535 ·
179 491 259 556 vidit
274 490 411 573 effigiem
427 490 606 557 Protesilai.
629 511 711 574 quae
730 511 771 558 ne
790 493 909 558 diutius
929 497 1147 574 torqueretur,
1167 493 1264 559 iussit
1286 495 1413 576 signum

180 607 214 668 et
236 620 328 668 sacra
349 621 430 684 pyra
452 601 538 668 facta
560 603 718 670 comburi:
741 623 804 687 quo
827 623 862 670 se
885 605 1061 670 Laodamia
1084 604 1226 670 dolorem
1250 624 1314 671 non
1344 624 1414 672 sus

179 713 285 780 tineus
307 712 438 780 immisit
460 719 557 797 atque
578 720 653 782 usta
675 720 734 783 est

618 890 716 983 sCV
738 912 927 979 Palamedes

149 1052 171 1118 5
264 1046 397 1129 Ulysses
415 1049 500 1129 quod
516 1047 697 1114 Palamedis
713 1049 843 1131 Nauplii
857 1048 914 1114 filii
929 1049 1003 1114 dolo
1022 1053 1092 1114 erat
1105 1050 1268 1129 deceptus,
1291 1049 1325 1115 in
1344 1049 1413 1115 dies

179 1158 433 1239 machinabatur,
456 1161 613 1240 quomodo
636 1179 708 1225 eum
730 1159 933 1226 interficeret.
963 1161 1094 1226 tandem
1109 1159 1189 1225 inito
1215 1160 1351 1226 coasilio
1371 1163 1413 1227 ad

179 1273 447 1352 Agamemnonem
465 1270 597 1336 militem
612 1290 704 1337 suum
718 1272 814 1352 misit,
829 1272 883 1353 qui
899 1271 1019 1337 diceret
1036 1271 1073 1352 ei,
1087 1271 1119 1336 in
1137 1271 1244 1353 quiete
1256 1271 1413 1352 vidisse*,

179 1388 215 1448 ut
242 1388 349 1448 castra
377 1400 440 1446 uno
466 1381 518 1448 die
543 1388 753 1448 morerentur.
783 1383 816 1449 id
840 1386 1057 1466 Agamemnon
1084 1401 1194 1448 verum
1225 1383 1413 1450 existimans

180 1500 287 1562 castra
312 1512 375 1559 uno
402 1493 453 1559 die
477 1493 613 1575 imperat
637 1495 764 1560 moveri.
799 1494 941 1576 Ulysses
966 1499 1071 1560 autem
1095 1495 1176 1560 clam
1198 1499 1296 1560 noctu
1323 1495 1413 1561 solus

130 1611 329 1690 romagnano
352 1607 479 1687 pondus
501 1605 585 1687 auri,
616 1605 669 1670 ubi
688 1606 928 1672 tabernaculum
945 1605 1127 1671 Palamedis
1143 1605 1264 1687 luerat,
1292 1606 1413 1687 obruit;

178 1719 256 1785 item
277 1718 446 1800 epistolam
472 1716 685 1799 conscriptam
705 1718 823 1800 Phrygi
848 1718 974 1800 captivo
1000 1718 1042 1783 ad
1069 1717 1229 1783 Priamum
1255 1717 1316 1811 dat
1341 1737 1414 1800 per-

178 1831 359 1909 ferendam,
389 1828 583 1911 militemque
608 1847 698 1894 suum
719 1829 855 1911 priorem
879 1829 993 1910 mittit,
1021 1829 1075 1910 qui
1100 1848 1171 1895 eum
1192 1848 1256 1895 non
1273 1829 1371 1912 longe
1393 1849 1413 1895 a

180 1942 294 2009 castris
318 1938 517 2007 interficeret.
567 1940 702 2006 Postero
732 1941 784 2006 die
810 1959 880 2006 cum
908 1940 1065 2006 exercitus
1091 1941 1122 2005 in
1150 1945 1257 2006 castra
1283 1941 1412 2023 rediret,

145 2121 146 2125 ,
179 2054 307 2136 quidam
333 2051 424 2117 miles
449 2050 630 2133 epistolam,
660 2069 756 2132 quam
781 2051 916 2134 Ulysses
939 2052 1127 2134 scripserat,
1157 2070 1254 2133 super
1273 2051 1413 2119 cadaver

129 2164 315 2247 lehrygis
340 2162 479 2246 positam
506 2163 548 2227 ad
573 2165 842 2244 Agamemnonem
868 2164 984 2229 attulit.
1014 2164 1047 2228 in
1072 2181 1136 2245 qua
1158 2163 1313 2245 scriptum
1336 2164 1410 2230 fuit:

178 2295 356 2342 rensuum
377 2294 401 2340 Α
422 2291 552 2340 paramo
570 2292 684 2355 nsssss,
715 2279 901 2357 tantumque
918 2275 947 2341 ei
965 2275 1034 2340 auri
1050 2273 1233 2356 pollicetur,
1255 2281 1411 2358 quantum

177 2388 312 2471 Ulysses
339 2388 372 2453 in
396 2386 634 2452 tabernaculum
659 2386 825 2467 obruerat,
857 2387 885 2452 si
912 2394 1021 2453 castra
1041 2386 1290 2468 Agamemnonis
1321 2392 1359 2453 ut
1382 2389 1411 2454 ei

179 2504 371 2567 convenerat
392 2499 550 2581 proderet.
594 2499 707 2580 Itaque
725 2499 915 2564 Palamedes
940 2516 1010 2564 cum
1035 2499 1077 2563 ad
1096 2516 1205 2580 regem
1228 2502 1318 2563 esset
1338 2518 1413 2581 pro·

179 2612 307 2694 ductus
324 2617 357 2677 et
377 2609 496 2675 factum
518 2615 668 2691 negaret,
698 2609 731 2675 in
753 2609 993 2675 tabernaculum
1021 2609 1089 2675 eius
1111 2608 1216 2673 ierunt
1242 2614 1276 2674 et
1298 2629 1412 2677 aurum

128 2722 365 2789 20effoderrmt.
395 2722 481 2803 quod
502 2723 721 2804 Agamemnon
751 2725 787 2786 ut
813 2721 893 2787 vidit
921 2739 995 2786 vere
1023 2719 1143 2786 factum
1171 2737 1243 2784 esse
1265 2721 1411 2788 credidit

179 2852 242 2916 quo
258 2832 342 2898 facto
359 2832 549 2898 Palamedes
572 2833 646 2898 dolo
662 2832 789 2915 Ulyssis
808 2833 961 2913 deceptus
979 2833 1019 2898 ab
1037 2831 1176 2899 exercitu
1192 2830 1342 2899 universo
1365 2833 1411 2899 in·

180 2962 298 3011 nocens
322 2942 446 3009 occisus
470 2947 528 3008 est.

620 3139 689 3206 CVI
712 3140 859 3207 Hectoris
881 3141 966 3223 lytra

264 3278 481 3360 Agamemnon
495 3275 672 3342 Briseidam
690 3276 793 3342 Brisei
812 3276 988 3343 sacerdotis
1003 3275 1101 3341 filiam
1124 3294 1162 3340 ex
1178 3274 1283 3356 Mysia
1306 3277 1410 3358 capti-

95 3385 98 3391 ’
178 3410 260 3472 vam,
281 3395 414 3472 propter
434 3387 555 3453 formae
575 3386 764 3469 dignitatem
787 3407 881 3471 quarn
901 3387 1041 3454 Achilles
1064 3391 1207 3468 ceperat,
1229 3386 1269 3451 ab
1285 3387 1409 3454 Achille

128 3507 170 3574 25
180 3501 310 3568 abduxit
326 3520 363 3566 eo
381 3504 531 3581 tempore,
553 3517 616 3581 quo
635 3497 810 3581 Chryseida
827 3499 940 3583 Chrysi
957 3498 1116 3567 sacerdoti
1131 3495 1290 3580 Apollinis
1305 3499 1410 3565 Zmin·

179 3613 246 3678 thei
267 3612 415 3678 reddidit.
438 3630 532 3694 quam
549 3610 589 3676 ob
604 3611 685 3678 iram
703 3611 842 3679 Achilles
865 3610 898 3677 in
915 3611 1071 3693 praelium
1087 3627 1151 3677 non
1168 3608 1327 3693 prodibat,
1349 3612 1409 3678 sed

256 3853 269 3898 7
290 3845 322 3913 lae
346 3847 479 3893 Malaeroam
503 3843 646 3912 caedentem}
671 3851 713 3893 aut
736 3847 786 3893 tale
810 3844 870 3905 quid
894 3844 1014 3894 excidisse
1036 3845 1092 3892 coni
1110 3841 1135 3893 Σ
1195 3846 1225 3890 11
1251 3839 1290 3908 lat!
1314 3840 1411 3894 aar}

179 3942 328 4004 saporatum
349 3936 480 4007 {repertaml
500 3940 555 3987 coni
573 3936 598 3988 Σ
618 3936 629 4006 ΙΙ
650 3944 820 4000 argumentum
838 3943 987 3987 tractaverat
1004 3937 1152 4001 Cypriorum
1170 3941 1256 3984 auomr
1272 3936 1340 3986 libro
1358 3938 1409 3986 XI⁰

246 4037 303 4085 CVI
320 4037 368 4082 imo
389 4033 499 4099 {Acddlr's
516 4033 570 4101 aral
590 4035 701 4082 Hectoras
718 4034 783 4092 lytra
843 4035 874 4080 23
893 4033 1027 4081 briseidam
1045 4033 1065 4078 F
1084 4030 1121 4096 (ut
1138 4031 1217 4081 schol.
1235 4030 1297 4078 Stat.
1318 4032 1409 4080 Achill.

176 4134 188 4182 1
209 4135 256 4181 175
274 4127 371 4192 past)
397 4129 426 4176 cs.
445 4130 513 4177 Naue
530 4129 654 4178 Formenl.
673 4129 685 4175 1
702 4129 790 4188 pesa
812 4124 823 4193 ss
846 4127 966 4174 brisaeP
992 4127 1051 4174 h.e.
1076 4125 1207 4174 brissei
1231 4139 1277 4185 pro
1303 4125 1410 4175 brisel

180 4224 334 4294 ssmoesiall
358 4238 412 4271 corr
434 4225 472 4270 Bu
532 4226 563 4271 25
588 4221 758 4282 chryseidami
778 4221 788 4286 ss
807 4222 891 4284 chrysi
908 4223 929 4269 1r
950 4227 979 4269 ut
996 4221 1090 4280 CXXI,
1116 4220 1213 4268 Charis.
1231 4221 1243 4267 1
1262 4221 1294 4268 17
1312 4234 1340 4281 p.
1359 4222 1408 4271 10?

179 4318 289 4388 {laminii
305 4320 327 4365 P
349 4317 472 4379 smynthei
488 4317 545 4364 Mic.
564 4319 579 4363 i.
598 4331 630 4363 m.
655 4315 771 4364 marlei
785 4318 823 4364 Bu
848 4315 964 4364 marest
979 4313 1005 4365 Σ
1066 4319 1097 4364 26
1123 4315 1194 4376 iram]
1217 4328 1268 4362 rem
1286 4313 1337 4362 Seh
1361 4328 1412 4363 m

178 4415 256 4463 iratas
273 4414 312 4462 Bu
328 4413 444 4462 inarum
460 4412 503 4459 Mu
520 4410 615 4459 mmm?
