3082 4950
728 224 888 310 xur'

152 396 247 480 ginus
269 416 332 464 non
353 397 448 481 plura
476 398 651 481 scripserat
676 397 742 465 his:
771 397 935 464 ‘Tantalus
957 396 1042 464 Iovis
1072 400 1106 462 et
1126 395 1272 463 Plutonis
1299 395 1385 463 filius

151 509 332 591 procreavit
346 528 363 575 e
378 509 480 576 Dione
498 510 657 592 Pelopem.
680 509 821 591 quicum
839 515 928 577 esset
943 510 976 575 in
993 508 1097 591 epulis
1113 508 1243 575 deorum
1259 512 1292 573 et
1308 527 1337 590 q.
1348 503 1386 573 s'.

98 696 103 703 Ι
153 620 224 696 Qua
251 621 366 722 copula
390 621 557 686 LXXXIII
585 626 618 686 et
639 621 800 687 LXXXIV
830 621 936 687 vincta
963 619 1084 686 fuerint
1111 638 1175 685 non
1204 619 1320 702 hquet3
1350 623 1385 684 at

152 731 241 796 nulla
262 750 361 815 opera
374 732 485 798 vinciri
505 751 603 815 posse
618 736 718 815 patet.
762 732 884 815 Capitis
903 731 1048 798 LXXXV
1066 731 1191 797 initium
1207 731 1268 798 hoc
1284 730 1385 796 fuisse

152 841 289 908 conicio:
319 842 540 925 ‘Chrysippum
571 849 677 909 autem
708 843 837 925 Pelopis
864 843 964 909 filium
997 844 1044 927 lex
1071 843 1241 929 Astyoche!
1274 848 1384 910 natum

151 953 250 1019 Laius
272 953 414 1020 Labdaci
443 953 528 1020 filius
554 960 688 1037 propter
716 961 749 1021 et
770 974 799 1038 q.
816 955 851 1021 s’.
881 954 914 1020 in
945 954 1108 1036 sequentis
1136 954 1227 1019 initio
1256 959 1385 1036 practer

151 1083 249 1130 unum
264 1064 394 1148 ‘postea'
410 1065 489 1130 nihil
504 1065 662 1133 excidisse
676 1066 862 1148 putaverim.
886 1072 983 1149 caput
994 1066 1174 1133 LXXXVII
1189 1085 1264 1131 num
1280 1070 1384 1131 totum
1477 1107 1479 1112 ι

151 1175 323 1256 genuinum
354 1178 397 1243 sit
425 1183 457 1243 et
483 1178 553 1244 loco
581 1197 639 1244 suo
667 1179 808 1261 positum
835 1179 1039 1244 vehementer
1065 1177 1185 1244 dubito.
1229 1179 1384 1243 Octavum

152 1286 235 1351 enim
258 1292 292 1352 et
313 1289 543 1372 octogesimum
566 1289 594 1354 si
617 1309 637 1355 a
657 1289 763 1355 verbis
792 1279 856 1372 ‘qui
878 1289 1017 1371 cupiens’
1048 1289 1208 1372 incepisse
1231 1288 1383 1355 statueris

151 1415 223 1463 eum
239 1399 403 1467 LXXXVI
420 1401 538 1483 optime
554 1401 736 1467 cohaerebit
752 1420 790 1467 ac
804 1401 910 1466 uerbis
926 1400 985 1465 ‘cui
1000 1418 1190 1483 responsum
1208 1405 1267 1482 est,
1290 1417 1384 1482 quem

151 1528 190 1574 ex
210 1508 278 1577 filia
300 1530 360 1586 sua
377 1513 509 1596 Pelopia
529 1517 733 1596 procreasset
754 1532 824 1578 eum
846 1512 955 1577 fratris
977 1510 1046 1577 fore
1065 1511 1211 1578 ultorem’
1235 1511 1385 1594 ecapitis
1439 1539 1443 1545 ·

151 1623 331 1690 LXXXVII
352 1625 443 1691 initio
465 1630 541 1708 post
561 1626 641 1691 haec
661 1624 776 1707 capitis
792 1624 988 1690 LXXXVIII
1002 1622 1101 1688 verba
1115 1623 1273 1690 traiectis:
1296 1627 1383 1691 ‘casu

150 1734 358 1816 Thyesteseo
372 1738 560 1803 venerated
577 1741 681 1802 sortes
696 1736 856 1801 tollendas
870 1735 911 1801 de
929 1733 1050 1803 ultione
1064 1733 1182 1800 fratris'
1196 1754 1255 1817 pro
1273 1735 1383 1817 inepto

150 1852 318 1912 narratore
340 1847 527 1914 habebimus
554 1848 671 1914 mentis
693 1853 879 1930 compotem.
909 1845 985 1929 quid
1011 1845 1118 1911 enim?
1161 1846 1322 1928 Thyesten
1346 1866 1385 1913 ex

151 1958 272 2022 oraculi
293 1977 449 2041 responso
469 1959 621 2026 scientem
643 1959 742 2025 filiam
764 1958 970 2041 comprimere
992 1975 1097 2022 nonne
1118 1957 1265 2039 putidum
1288 1965 1321 2024 et
1336 1959 1385 2025 in·

150 2073 337 2151 venustum,
359 2089 550 2153 quamquam
572 2089 634 2136 non
655 2071 768 2153 ignoro
789 2071 850 2136 hac
871 2071 912 2135 de
932 2088 968 2136 re
991 2075 1101 2136 nostro
1123 2069 1292 2135 convenire
1313 2088 1384 2136 cum

149 2179 251 2261 Myth.
267 2181 340 2247 Vat
355 2184 371 2247 Ι
388 2183 431 2247 22
451 2203 482 2266 p.
502 2184 530 2263 l,
553 2183 607 2261 293
630 2181 731 2246 inscio
747 2188 863 2263 autem,
885 2201 903 2247 e
924 2180 1011 2248 filiae
1027 2181 1264 2264 compressione
1284 2182 1384 2249 filium

151 2290 212 2356 sibi
226 2298 428 2375 procreatum
446 2312 529 2374 esse,
552 2293 712 2359 oraculum
733 2293 811 2374 dari,
832 2291 932 2358 filiurn
948 2312 1041 2376 quem
1061 2312 1078 2358 e
1098 2292 1166 2358 filia
1183 2297 1386 2375 procreasset

150 2400 260 2469 fratris
281 2403 350 2470 fore
371 2406 523 2484 ultorem,
545 2423 650 2470 nonne
672 2404 787 2471 callide
807 2405 916 2470 fictum
938 2409 971 2470 ct
992 2403 1211 2470 misericordia
1231 2404 1385 2485 plenum?

152 2516 301 2595 ceterum,
325 2521 362 2581 ut
383 2517 444 2582 hoc
464 2517 598 2596 addam,
621 2517 760 2598 capitum
780 2517 903 2582 indices
926 2534 1035 2581 omnes
1058 2518 1135 2580 sunt
1155 2513 1287 2595 inficeti3
1310 2534 1384 2580 nam

148 2629 208 2689 aut
233 2632 420 2708 argumento
447 2627 575 2694 fabulae
602 2628 706 2694 minus
736 2633 930 2711 congruunt,
962 2630 1018 2691 aut
1043 2624 1164 2707 primas
1190 2631 1301 2708 partes
1329 2626 1384 2692 alii

151 2753 245 2818 quam
268 2755 328 2819 par
348 2744 399 2805 est
420 2739 582 2805 deferunt:
611 2739 712 2805 veluti
733 2758 758 2806 c.
774 2740 939 2806 LXXXIV
960 2737 1073 2819 Pelopi
1095 2741 1128 2802 et
1148 2736 1383 2820 Hippodamiae

150 2848 284 2930 primae,
308 2851 469 2918 Oenomao
492 2852 652 2917 secundae
675 2856 768 2917 erant
789 2851 996 2932 deferendae,
1018 2868 1122 2932 neque
1143 2848 1235 2915 Atrei
1257 2850 1384 2916 nomine

149 2959 387 3028 inscribendum
417 2968 487 3029 mat
515 2981 540 3029 c.
558 2963 769 3044 LXXXVIII,
799 2965 858 3029 sed
880 2962 1029 3045 Pelopiae
1051 2961 1216 3028 LXXXVI
1238 2980 1290 3026 um
1313 2981 1384 3028 cum

149 3072 346 3138 LXXXVIII
368 3073 577 3140 coniunctum.
599 3074 713 3141 melius
730 3075 827 3142 etiam
842 3074 1012 3158 Chrysippi
1027 3072 1140 3140 titulus
1159 3074 1222 3155 [85]
1245 3074 1385 3156 abesset,

150 3200 221 3247 cum
244 3183 456 3267 Chrysippum
486 3205 549 3251 non
579 3191 873 3267 commemorasset,
904 3185 966 3251 nisi
988 3185 1221 3268 Hippodamiae
1249 3191 1384 3252 mortem

150 3294 363 3360 voluntariam
396 3295 457 3361 sibi
489 3298 795 3364 commemorandam
830 3297 983 3365 duxisset.
1018 3303 1179 3379 postremo
1210 3296 1384 3379 Pelopidae
1503 3307 1507 3313 “

150 3407 459 3489 (ΠΕΛΟΠΙΔΑΙ)
483 3407 583 3473 solum
605 3414 702 3491 ceput
719 3409 884 3489 LXXXVI
901 3408 1089 3490 inscriptum
1105 3407 1205 3474 fuisse
1228 3408 1299 3490 quis
1316 3427 1384 3474 cre·

150 3517 230 3582 dat?
253 3517 391 3584 debebat
412 3524 498 3585 certe
519 3520 573 3601 qui
587 3521 648 3585 hoc
666 3519 772 3586 indice
793 3521 841 3585 uti
857 3519 953 3585 vellet
971 3538 1036 3585 uno
1056 3519 1161 3602 eapite
1178 3520 1384 3604 comprehen-
1442 3545 1447 3555 ·

151 3627 226 3695 dere
252 3648 457 3713 quaequaea
483 3631 598 3714 capitis
621 3632 786 3698 LXXXIV
810 3631 895 3698 exitu
925 3631 992 3712 (ibi
1015 3650 1053 3696 ex
1075 3631 1292 3713 Hippodamia
1316 3632 1392 3717 —')¹

150 3759 252 3823 usque
282 3742 325 3806 ad
353 3742 517 3809 LXXXIX
544 3747 675 3808 narrata
703 3749 794 3809 sunt:
828 3748 924 3826 atoue
950 3742 1155 3808 Plutarchum
1184 3743 1280 3810 etiam
1313 3763 1383 3811 cum

149 3852 339 3919 Dositheum
357 3852 391 3920 ἐν
410 3849 619 3931 Πελοπίδαις
632 3853 746 3920 laudat
762 3873 861 3938 supra
876 3855 1074 3921 ostendimus
1096 3872 1160 3920 non
1174 3854 1295 3937 Hygini
1310 3857 1382 3938 §86

150 3965 333 4048 respexisse
348 3966 470 4031 Graece
492 3984 685 4049 expressam,
710 3967 767 4033 sed
790 3966 970 4033 universam
988 3964 1212 4048 Pelopidarum
1234 3965 1383 4033 fabulam.

237 4077 301 4143 Sed
321 4078 386 4142 iam
407 4077 515 4142 missis
537 4077 778 4144 Tantalidarum
798 4077 941 4144 historiis
964 4096 982 4142 e
1003 4076 1134 4159 reliquis
1156 4077 1253 4143 eiiam
1277 4077 1383 4160 operis

149 4190 296 4273 partibus
319 4206 375 4254 eas
398 4188 583 4270 colligamus
601 4189 777 4271 particulas
800 4208 881 4272 quae
903 4208 966 4255 non
989 4192 1055 4255 tam
1077 4189 1275 4272 singulorum
1298 4189 1383 4271 capi-

150 4306 219 4365 tum
247 4319 342 4382 quam
368 4307 544 4383 perpetuae
571 4301 763 4366 narrationis
792 4301 931 4383 speciem
953 4319 1031 4382 prae
1059 4319 1094 4366 se
1120 4301 1204 4365 ferre
1226 4299 1382 4368 videntur.

151 4430 285 4494 quarum
307 4429 459 4477 numerus
488 4411 563 4477 licet
588 4431 647 4495 pro
676 4413 791 4478 minori
816 4411 995 4478 fabularum
1025 4411 1146 4478 ambitu
1174 4417 1207 4478 et
1232 4411 1304 4496 ipse
1325 4413 1383 4480 eli-
1490 4437 1492 4441 ·
