3082 4950
753 217 858 285 XXIV

193 372 286 438 nonis
307 371 407 438 lilium
432 373 586 454 deducta,
614 372 717 440 tribus
741 372 898 456 capitibus
926 373 1120 456 reliquorum
1150 372 1304 439 ambitum
1328 371 1430 454 longe

194 484 420 550 excedentibus
437 484 539 550 Ulixis
556 483 746 567 Sisyphidae
764 485 892 550 domum
915 485 1105 551 reditiouem
1128 484 1299 564 describit,
1328 487 1366 548 ut
1386 502 1428 549 ex

193 595 286 660 Aeoli
310 595 481 678 nepotibus
508 613 566 678 per
591 601 693 673 totam
715 595 884 661 Graeciam
909 596 1064 677 dispersis
1090 596 1154 661 iam
1178 595 1285 661 nullus
1310 594 1430 660 notitia

193 706 393 788 posteritatis
409 712 525 773 careat
548 710 688 773 ceterum
705 707 967 790 mythographus,
984 707 1069 789 quod
1085 712 1261 773 memoratu
1277 706 1365 771 haud
1378 705 1430 770 in-

194 818 326 900 dignum
342 817 477 898 videtur,
492 837 556 883 uon
571 817 757 883 uniuersum
767 818 898 883 Homeri
913 837 1039 884 carmen
1058 818 1212 899 adhibuit,
1228 819 1287 883 sed
1301 836 1430 883 errores

194 929 281 996 solos
309 938 341 994 et
362 929 571 1011 agnitionem,
600 948 641 994 ne
662 928 779 1011 ubique
803 929 931 1012 quidem
954 928 1093 994 Homero
1116 930 1208 995 unico
1230 930 1312 994 duce
1337 947 1430 1008 usus,

194 1041 360 1124 percurrit
382 1041 468 1105 unde
486 1041 573 1106 baud
589 1041 656 1106 scio
673 1059 713 1105 au
729 1040 850 1122 aliquid
864 1041 1018 1122 ponderis
1034 1041 1168 1106 accedat
1182 1039 1371 1106 Kirchhoffii
1386 1040 1430 1106 de

194 1153 360 1234 Odysseae
382 1152 611 1233 compositione
632 1152 805 1218 doctrinae.
849 1151 951 1217 Ulixis
967 1157 1074 1218 antem
1093 1147 1209 1217 νόστον
1228 1158 1266 1218 ut
1281 1171 1430 1218 seersum

194 1263 418 1345 areliquorum
435 1263 551 1329 ducum
567 1263 599 1328 in
614 1263 752 1344 patriam
767 1263 872 1329 reditu
886 1269 1039 1329 tractaret
1052 1263 1178 1329 etiamsi
1192 1283 1255 1329 nou
1269 1262 1431 1329 suasisset

193 1374 296 1456 ipsius
313 1373 440 1440 fabulae
456 1375 558 1440 honos
574 1375 702 1456 poetica
717 1374 835 1439 virtute
855 1375 889 1439 iu
911 1375 1014 1440 maius
1033 1375 1207 1455 adauctus,
1235 1375 1430 1457 permissum

195 1492 265 1552 erat
285 1485 448 1568 scriptori,
476 1486 530 1568 qui
545 1487 714 1587 Odysseae
734 1486 879 1551 comitem
904 1486 1024 1552 addere
1047 1487 1269 1552 constituisset
1289 1487 1431 1568 Eugam-

195 1598 298 1665 monis
314 1597 507 1679 Tclegoniae
523 1602 758 1679 argumentum,
781 1602 818 1662 ut
838 1598 922 1663 idem
942 1603 1164 1680 argumentum
1181 1597 1279 1663 ethis
1302 1617 1320 1663 e
1340 1598 1430 1679 cyclo

196 1711 286 1792 epico
315 1709 474 1790 excerptis
506 1714 539 1774 ct
564 1709 628 1790 ipsi
656 1708 745 1791 epico
775 1708 863 1790 cyclo
892 1710 1020 1774 modum
1050 1708 1205 1774 definiret
1257 1710 1295 1774 In
1324 1711 1431 1792 capite

196 1822 340 1888 CXXVII
359 1824 524 1902 (augures)
542 1820 667 1886 adiecto
684 1839 747 1885 non
762 1820 889 1885 haereo.
917 1819 1065 1885 nimirum
1083 1820 1168 1885 vices
1187 1820 1294 1902 explet
1310 1820 1430 1902 lapidis

197 1932 383 2012 terminalis,
404 1950 466 2013 quo
488 1931 588 1996 veluti
612 1931 704 2013 signo
724 1931 830 2013 aliquo
856 1931 1027 2013 conspicuo
1050 1931 1111 1996 hoc
1124 1950 1249 2014 quoque
1264 1933 1334 1997 loco
1356 1950 1431 1998 con·

196 2043 274 2109 finia
305 2044 439 2108 duorum
472 2043 613 2124 capitum
645 2041 832 2124 ampliorum
865 2047 1000 2108 notaret.
1036 2044 1302 2125 quemadmodum
1331 2044 1433 2126 igitur

198 2155 342 2221 XLVIII.
371 2154 512 2219 LXXVI.
542 2154 671 2220 CXXIV
703 2172 832 2235 regum
861 2154 1016 2220 indices
1046 2155 1243 2237 intexuerat,
1274 2156 1355 2221 satis
1383 2157 1432 2222 in-

198 2267 327 2350 geniose
355 2283 440 2331 nunc
468 2283 665 2347 augurum
696 2265 860 2330 nomina
888 2265 1041 2345 inseruit,
1074 2284 1207 2348 quorum
1239 2273 1272 2332 et
1301 2268 1432 2350 saepius

198 2377 316 2444 mentio
333 2375 419 2442 lacta
437 2381 525 2441 essct
540 2375 574 2442 in
594 2375 752 2458 capitibus
767 2376 1032 2459 praecedentibus
1052 2382 1086 2442 et
1101 2377 1241 2460 cognitio
1257 2378 1434 2446 utilissima

197 2489 359 2555 videretur
375 2487 581 2554 discentibus.
615 2487 823 2553 Pertraetatis
839 2487 903 2553 iam
918 2487 1035 2553 fabulis
1049 2489 1203 2569 omnibus,
1226 2508 1433 2572 quaecunque

198 2605 255 2666 aut
280 2600 453 2665 carminum
477 2599 637 2681 epicorum
663 2605 720 2664 aut
744 2599 982 2682 tragoediarum
1009 2599 1218 2682 scriptoribus
1243 2605 1433 2682 argumenta

198 2712 429 2795 praebuerunt,
451 2729 516 2776 uua
537 2711 649 2776 relicta
670 2715 740 2776 erat
760 2710 870 2776 fabula
892 2711 1065 2791 Bacchica,
1086 2711 1118 2776 iu
1141 2730 1234 2793 quam
1257 2711 1434 2778 novissima

200 2824 325 2889 demum
344 2828 435 2887 uetes
450 2820 557 2887 imore
572 2822 711 2903 quodam
728 2823 854 2903 poetico
871 2822 994 2904 percita
1010 2822 1162 2889 iuvadere
1179 2823 1291 2904 coepit
1334 2823 1434 2904 Equi·

200 2935 271 3000 dem
285 2952 348 2998 nou
364 2932 496 2998 dixerim
511 2932 779 3014 mythographum
792 2932 920 2998 tritiora
933 2932 1146 3015 proferentem
1162 2952 1187 2999 c.
1204 2934 1433 3001 CXXVIIII—

200 3045 357 3112 CXXXIV
376 3063 394 3109 e
410 3042 611 3125 Dionysiacis
634 3043 701 3108 sive
719 3043 897 3109 Bassaricis
917 3044 1073 3110 eiusmodi
1090 3045 1267 3126 delibasse,
1289 3046 1433 3112 animad-

200 3155 282 3221 verti
304 3163 411 3221 tamen
435 3155 530 3220 velim
547 3154 722 3220 Bacchicae
743 3154 870 3220 fabulae
887 3155 1048 3221 notionem
1071 3156 1101 3221 ei
1120 3156 1308 3223 familiarem
1323 3156 1434 3224 fuisse.

71 3350 74 3355 Ι
200 3273 369 3350 praeterea
398 3266 439 3331 dc
469 3285 524 3332 sex
556 3266 714 3348 capitibus
742 3266 815 3332 istis
847 3266 926 3331 nihil
956 3267 1059 3332 habeo
1091 3270 1176 3349 quod
1207 3269 1339 3348 addam,
1370 3268 1434 3334 nisi

201 3399 226 3446 c.
245 3379 402 3445 CXXXIV
425 3379 466 3442 de
486 3377 732 3461 interpolatione
752 3396 825 3443 esse
844 3383 1044 3460 suspectum,
1075 3397 1145 3444 cnm
1168 3385 1337 3445 nautarum
1355 3381 1434 3462 Tyr-

200 3491 371 3556 rhenorum
389 3488 518 3554 nomina
533 3508 572 3554 cx
582 3489 688 3555 ovidii
704 3485 990 3577 μεταμορφώσεων
1004 3489 1085 3555 libro
1098 3491 1268 3556 videantur
1278 3491 1433 3556 sublecta

286 3601 493 3666 Pervenimus
519 3601 560 3665 ad
580 3620 649 3667 eam
672 3600 744 3665 libri
766 3606 907 3683 partem,
936 3619 1037 3683 aque
1057 3601 1291 3667 commentandi
1306 3601 1433 3667 initium
1526 3640 1529 3651 ·

200 3712 349 3792 lecimus;
377 3713 503 3793 iamque
528 3713 687 3794 agendum
711 3713 803 3778 nobis
828 3712 888 3779 erit
911 3712 951 3777 de
975 3712 1099 3778 duobus
1122 3713 1280 3794 capitibus
1298 3713 1434 3795 integris

202 3823 391 3906 Telegoniae
417 3823 569 3904 proximis
594 3841 632 3889 ac
656 3824 751 3890 tertio
777 3823 832 3889 illo
861 3822 1041 3904 bimembri,
1074 3823 1164 3889 cuius
1185 3824 1434 3906 perpetuitatem

203 3942 327 4019 septem
343 3939 375 4000 et
390 3935 604 4016 qnadraginta
619 3935 759 4017 capitum
775 3935 956 4000 incursione
968 3935 1128 4000 turbatam
1146 3953 1219 4000 csse
1235 3936 1434 4001 demonstra·

202 4047 315 4112 vimus.
358 4045 449 4123 Quod
468 4064 539 4110 cum
562 4053 677 4112 eventu
696 4053 803 4112 careat
829 4064 960 4111 necesse
980 4046 1036 4126 sit,
1066 4045 1127 4111 msi
1146 4047 1217 4127 quis
1235 4065 1290 4111 eas
1306 4065 1435 4128 quoque

202 4157 328 4225 fabulas
344 4157 529 4238 respexerit,
546 4176 627 4239 quae
642 4158 781 4241 capitum
793 4157 1056 4238 interpolatorum
1075 4163 1247 4223 extremum
1264 4157 1434 4239 excipiunt,

202 4288 255 4334 res
273 4288 311 4334 co
327 4267 492 4349 redigitur,
516 4274 549 4333 ut
567 4269 746 4334 accuratius
763 4269 941 4350 iuquiratur
956 4270 988 4333 in
1006 4268 1185 4333 fabularum
1202 4270 1316 4335 scriem
1333 4270 1434 4335 hauc:

203 4379 345 4444 CXXXV
368 4380 515 4444 Laocoon
540 4379 699 4445 CXXXVI
721 4378 872 4460 Polyidus
896 4379 1122 4457 CXXXVII-t·
1137 4379 1344 4446 CLXXXIVB
1367 4381 1435 4445 Me-
