3082 4950
790 244 852 312 128

204 396 327 479 syphus
341 397 383 462 ad
402 416 475 463 eum
493 398 636 464 renhset
649 406 682 464 et
699 418 818 482 pecora
833 420 895 466 sua
911 421 952 466 ex
965 403 1095 484 ungulis
1108 404 1332 485 deprehendit,
1353 423 1440 487 quae

204 508 259 573 ille
275 509 438 589 insolatit,
458 518 491 574 et
504 509 644 576 abduxit.
664 514 720 595 qui
734 532 806 577 cum
819 513 863 576 ibi
878 520 1065 594 moraretur,
1085 515 1245 597 Sisyphus
1262 517 1439 582 Anticliam

204 621 352 703 Autolyci
372 620 469 686 filiam
488 624 685 705 compressit
714 643 797 704 quae
820 631 936 706 postea
955 626 1093 690 Laertae
1112 627 1191 691 data
1209 628 1314 692 estin
1328 628 1441 693 coniu-

204 732 306 813 gium,
337 752 376 796 er
400 752 464 815 qua
489 740 586 799 natus
614 742 665 800 est
691 735 834 816 Llysses.
863 737 937 801 ideo
963 739 1108 802 nonnulli
1135 740 1302 821 au'cjtores
1323 740 1441 804 dicunt

174 843 411 926 blypsipylon.
433 845 475 908 ob
497 846 558 910 hoc
579 845 713 928 Ulysses
734 852 883 912 versutus
903 847 973 912 luit.

698 1041 781 1108 0011
801 1043 936 1110 Coronis

288 1178 404 1260 Apollo
418 1196 490 1244 cum
501 1178 660 1244 Coronida
672 1178 834 1261 Phlegyae
847 1178 945 1245 filiam
963 1181 1129 1264 grauidam
1144 1181 1283 1261 fecisset,
1304 1201 1438 1248 corvum

202 1290 368 1355 custodem
384 1288 413 1354 ei
431 1289 534 1369 dedit,
563 1309 605 1353 ne
625 1290 697 1372 quis
714 1308 784 1355 eam
799 1291 943 1356 uiolaret
972 1310 1043 1356 curn
1064 1311 1103 1357 en
1116 1291 1228 1374 Ischys
1243 1293 1331 1358 Elati
1348 1292 1439 1359 tilius

202 1400 380 1466 concubuit
407 1400 449 1465 ob
465 1401 499 1465 id
514 1401 555 1466 ab
571 1401 648 1466 love
664 1401 796 1466 fulmine
812 1410 865 1466 est
881 1402 1082 1468 interiectus:
1111 1404 1228 1486 Apollo
1243 1403 1438 1471 Coronidem

201 1512 367 1595 gravidam
381 1513 542 1593 percussit
558 1518 591 1578 et
605 1512 772 1578 interfecit
803 1513 894 1578 cuius
911 1533 950 1578 er
965 1521 1057 1579 utero
1071 1520 1232 1580 exsectum
1248 1515 1438 1597 Asclepium

152 1622 194 1686 10
202 1623 358 1690 educavit
386 1630 421 1688 at
442 1643 570 1690 corvum
594 1625 650 1707 qui
674 1625 851 1691 mrstodmm
873 1626 1068 1706 praebuerat
1092 1645 1131 1692 ex
1153 1626 1227 1691 albo
1249 1625 1283 1690 in
1306 1627 1436 1710 nigrum

202 1734 414 1802 commutarit

687 1932 786 1999 CCIII
806 1933 942 2015 Daphne

285 2068 401 2150 Apollo
423 2069 581 2150 Daphnen
600 2068 742 2149 Penlalei
765 2068 903 2134 fluminis
924 2069 1022 2135 filiam
1046 2089 1116 2136 cum
1141 2069 1296 2152 virginem
1319 2089 1437 2151 perse·

201 2182 360 2264 queretur,
380 2180 436 2245 illa
452 2198 473 2244 a
486 2180 586 2244 Terra
599 2180 795 2262 praesidium
808 2182 900 2262 petit
921 2199 1004 2263 quae
1021 2200 1091 2246 eam
1107 2181 1228 2263 recepit
1245 2182 1278 2246 in
1298 2201 1337 2246 se
1351 2188 1387 2246 et
1403 2183 1435 2247 in

201 2293 346 2358 arborem
362 2292 486 2357 laurum
502 2291 716 2356 commutarit
758 2292 874 2374 Apollo
888 2292 965 2357 inde
981 2311 1104 2357 ramum
1117 2292 1215 2375 fregit
1231 2298 1264 2358 et
1282 2292 1317 2358 in
1336 2300 1437 2376 caput

152 2407 193 2473 15
201 2404 362 2487 imposuit

660 2598 755 2665 octv
775 2599 964 2682 Nyctimene

285 2737 472 2820 Nyctimene
487 2736 611 2819 Epopei
631 2736 718 2818 regis
733 2736 921 2802 Lesbiorum
935 2737 1003 2802 filia
1023 2738 1115 2819 virgo
1133 2736 1368 2803 formosissima
1385 2740 1436 2805 di·

201 2848 284 2914 citur
298 2848 406 2913 fnisse
434 2848 517 2913 hanc
534 2849 685 2930 Epopeus
707 2854 801 2929 pater
815 2868 924 2914 amore
941 2849 1090 2914 incensus
1113 2847 1317 2930 compressit:
1348 2866 1435 2932 quae

200 2961 322 3042 pudore
336 2965 425 3024 tacta
440 2957 529 3024 silvis
546 2957 776 3023 occultabatur.
797 2977 892 3040 quam
904 2959 1049 3025 Minerva
1063 2959 1216 3025 miserata
1230 2960 1264 3024 in
1278 2965 1435 3028 noctuam

199 3070 449 3152 transformavit
469 3089 552 3152 quae
566 3069 733 3153 pudoris
755 3087 854 3136 causa
874 3071 908 3136 in
928 3071 1031 3137 lucem
1047 3089 1110 3136 non
1129 3070 1238 3153 prodit
1254 3071 1315 3136 sed
1334 3078 1435 3138 noctu

148 3187 302 3266 adparet.

719 3377 799 3447 OOV
821 3382 907 3461 Arge

283 3518 368 3598 Arge
384 3515 531 3581 venahix
548 3533 620 3580 cum
636 3532 764 3580 cervum
780 3519 981 3598 sequeretur,
1003 3533 1096 3580 cerro
1111 3514 1231 3580 dixIsse
1244 3514 1363 3582 Iertm:
1386 3520 1436 3585 ‘tu

199 3671 403 3682 *-

199 3771 213 3814 1
235 3765 336 3812 orabant
360 3764 398 3827 [et]
417 3764 480 3824 Sch,
505 3765 555 3813 nisi
579 3762 645 3812 α’·
665 3779 759 3825 pecora
783 3765 941 3813 scribendum
992 3764 1163 3814 lautoreslN
1214 3766 1231 3813 5
1255 3764 1394 3826 ypsipylon
1413 3767 1436 3814 F

197 3859 335 3921 scyphum
351 3859 409 3906 ure.
425 3859 442 3905 r.
460 3874 486 3906 m
503 3858 647 3920 Sisyphides
664 3860 705 3907 vn
724 3830 825 3920 sap.-
831 3859 914 3919 fitam
931 3859 975 3906 uu

266 3953 434 4002 bcoromllem
450 3954 526 4016 myth.
545 3955 601 4002 Vnt.
619 3969 643 4015 p.
655 3956 697 4012 81,
715 3954 747 4000 32
765 3953 791 3999 II
809 3949 1024 4018 ttflphlogiaell
1041 3968 1096 4001 corr
1113 3954 1176 4001 Iuda
1192 3953 1315 4000 Bonutius
1368 3958 1384 4003 ‘1
1403 3970 1436 4004 ea

197 4054 221 4097 ct
239 4049 325 4110 chylus
343 4049 364 4094 F
384 4049 453 4108 lycus
477 4048 553 4096 schol.
579 4046 640 4095 Stat.
661 4047 737 4094 Theb.
755 4048 859 4096 111506
883 4053 907 4095 et
930 4049 1007 4108 myth.
1033 4050 1088 4095 Vat.
1106 4049 1132 4095 11
1150 4051 1191 4096 22.
1211 4049 1260 4095 128
1286 4044 1434 4108 Aleum

196 4145 258 4191 lude
274 4143 395 4189 Bonutius
413 4141 513 4205 (Antan.
530 4142 613 4190 Liber.
633 4141 675 4204 10)
692 4155 748 4188 corr
765 4141 821 4188 llic.
834 4140 851 4187 i.
864 4156 902 4200 ως
927 4147 949 4187 ct
966 4142 1070 4190 tortasse
1087 4146 1144 4202 post
1165 4139 1291 4188 emam
1312 4143 1436 4193 traiciam-

197 4238 254 4284 dum
306 4240 321 4284 8
340 4233 432 4303 {droam}
450 4234 558 4297 Apollo?
615 4237 758 4283 derectum
775 4235 796 4280 y·
812 4233 913 4294 Oomm,
932 4248 977 4281 cm.
997 4235 1058 4283 Stnv
1121 4239 1152 4285 10
1172 4232 1275 4302 {Chiron}
1294 4235 1434 4287 educar&

267 4333 297 4378 12
315 4331 403 4390 panaei
420 4331 441 4377 F
459 4345 515 4378 corr
532 4330 575 4377 ltu

265 4427 296 4472 18
313 4425 428 4485 sylvisl'
481 4426 512 4472 19
532 4423 606 4470 Ovio.
620 4423 678 4470 rtet.
696 4423 721 4470 11
739 4425 789 4472 594
841 4425 874 4473 20
891 4428 960 4484 patet
976 4423 998 4470 I*
1015 4438 1071 4471 corr
1087 4424 1150 4472 Inda
1167 4421 1289 4473 Bonutius
