3082 4950
799 219 842 287 38

208 370 350 436 laniavit
393 372 506 452 Agaue
529 376 602 448 †ut
624 389 702 437 suae
726 373 841 438 mentis
868 391 996 456 compos
1019 373 1105 439 facta
1129 379 1215 455 [est‚]
1240 379 1276 439 ut
1300 374 1382 440 vidit
1406 395 1444 442 se

209 481 317 547 Liberi
339 481 479 563 impulsu
505 488 629 547 tanturn
651 483 754 549 scelus
774 484 959 566 admisisse,
988 485 1129 568 profugit
1152 486 1192 551 ab
1207 486 1325 551 Thebis
1345 491 1446 568 atque

210 592 390 658 errabunda
404 593 436 657 iu
456 593 583 676 Illyriae
598 593 679 661 fines
696 595 824 660 devenit
839 596 880 660 ad
892 596 1076 662 Licotersen
1092 615 1208 678 regem.
1236 617 1331 679 quam
1349 597 1445 663 Lico-
1465 670 1468 690 2

209 708 313 769 tenses
335 704 457 784 excepit
472 754 573 771 .....

700 900 823 967 Fabula
843 901 948 984 prima

714 1011 731 1093 l
743 1013 907 1079 Themisto

183 1147 203 1213 5
297 1150 452 1214 Athamas
468 1148 559 1215 Aeoli
580 1147 664 1214 filins
679 1149 791 1215 habuit
810 1167 848 1214 ex
864 1149 989 1216 Nebula
1007 1150 1220 1224 uxoreffilium
1235 1150 1387 1217 Phrixum
1409 1159 1444 1218 et

211 1260 309 1325 filiam
326 1259 457 1342 Hellen,
488 1265 521 1326 et
537 1279 576 1326 ex
590 1260 752 1327 Themisto
769 1261 893 1343 Hypsei
909 1259 976 1327 filia
996 1261 1078 1327 filios
1103 1262 1183 1328 duos
1202 1262 1386 1355 Sphincium
1411 1270 1448 1329 et

216 1372 466 1452 Orchomenum,
497 1375 530 1437 et
552 1391 591 1438 ex
614 1372 672 1436 Ino
692 1370 803 1437 Cadmi
824 1370 891 1438 filia
907 1372 989 1438 filios
1010 1373 1092 1438 duos
1109 1374 1285 1440 Learchum
1307 1378 1340 1439 et-
1353 1373 1447 1439 Meli-

214 1489 329 1548 certen.
373 1482 545 1564 Themisto,
566 1484 651 1565 quod
668 1501 704 1548 se
719 1484 777 1549 Ino
798 1484 943 1566 coniugio
962 1484 1136 1567 privasset,
1158 1483 1241 1562 filios
1260 1485 1329 1550 eius
1347 1485 1446 1551 inter-

213 1593 308 1659 ficere
330 1593 438 1659 voluit.
468 1594 575 1675 itaque
598 1594 632 1660 in
654 1595 743 1677 regia
765 1595 861 1661 latuit
885 1595 965 1661 clam
989 1602 1022 1662 et
1045 1597 1212 1662 occasione
1233 1601 1342 1678 nacta,
1373 1614 1446 1664 cum

166 1703 207 1766 10
215 1710 344 1788 putaret
368 1725 403 1770 se
429 1705 574 1771 inimicae
597 1710 691 1772 natos
714 1697 929 1786 interfecisse,
962 1726 1038 1773 suos
1059 1708 1244 1790 imprudens
1266 1708 1397 1789 occidit,
1426 1727 1448 1774 a

215 1817 338 1881 nutrice
366 1817 515 1897 decepta,
544 1818 630 1899 quod
655 1817 702 1882 eis
727 1823 849 1884 vestem
874 1837 1043 1900 perperam
1067 1819 1228 1885 iniecerat.
1280 1819 1447 1887 Tbemisto

217 1927 343 2009 cognita
364 1945 399 1992 re
420 1927 493 2009 ipsa
515 1946 550 1992 se
572 1926 739 1994 interiecit.

739 2126 806 2204 pss
826 2127 884 2191 Ino

301 2262 359 2327 Ino
383 2260 494 2327 Cadmi
516 2266 548 2327 et
563 2260 757 2327 Harmoniae
779 2261 859 2343 lilia,
888 2281 958 2328 curn
973 2262 1126 2329 Phrixum
1146 2267 1180 2328 et
1195 2262 1309 2329 Hellen
1328 2282 1368 2328 ex
1383 2264 1448 2330 Ne-

217 2373 293 2439 bula
316 2378 409 2439 natos
428 2372 606 2439 interlicere
624 2373 795 2455 voluisset,
825 2374 896 2438 iniit
916 2375 1081 2440 consilium
1107 2394 1177 2440 curu
1200 2374 1299 2440 totius
1318 2375 1446 2456 generis

168 2486 209 2552 15
218 2485 372 2551 matronis
387 2490 419 2550 et
433 2485 617 2566 coniuravit,
639 2489 675 2550 ut
690 2484 798 2566 fruges
815 2485 847 2551 in
864 2491 1038 2551 sementem
1054 2504 1133 2567 quas
1148 2485 1262 2550 darent
1279 2492 1448 2568 torrerent,

219 2617 258 2662 ue
275 2602 496 2663 nascerentur:
518 2597 564 2661 ita
579 2601 623 2678 ut,
648 2615 717 2661 cum
736 2591 887 2663 sterilitas
906 2601 937 2662 et
956 2596 1090 2679 penuria
1104 2596 1229 2679 frugum
1247 2603 1350 2678 esset,
1372 2598 1449 2664 civi-

219 2715 271 2772 tas
295 2713 364 2774 tota
387 2708 502 2790 partim
526 2708 610 2774 farne
633 2708 749 2790 partim
772 2709 881 2774 morbo
904 2708 1057 2774 interiret.
1109 2709 1157 2773 De
1181 2726 1220 2772 ea
1244 2727 1279 2773 re
1302 2708 1448 2790 Delphos

219 2819 317 2884 mittit
331 2819 486 2885 Athamas
510 2819 691 2884 satellitem.
719 2819 768 2883 cui
787 2820 844 2883 Ino
862 2819 1038 2903 praecepit,
1067 2825 1104 2884 ut
1123 2818 1241 2885 falsum
1255 2837 1449 2901 responsum

218 2929 266 2994 ita
288 2929 433 2995 referret:
466 2930 493 2994 si
516 2929 666 2995 Phrixum
692 2929 891 2995 immolasset
913 2930 995 3011 Iovi,
1025 2930 1228 3012 pestilentiae
1251 2928 1319 2996 fore
1341 2929 1449 2999 finem.

169 3039 211 3105 20
221 3042 312 3120 Quod
329 3059 399 3106 curn
414 3041 569 3106 Athamas
584 3059 620 3106 se
637 3039 796 3105 facturum
816 3040 996 3121 abnuisset,
1024 3040 1160 3107 Phrixus
1179 3041 1263 3106 ultro
1284 3059 1322 3107 ac
1344 3042 1449 3111 libens

219 3152 389 3236 pollicetur
410 3170 446 3218 se
462 3170 559 3216 unum
582 3151 740 3217 civitatem
766 3170 918 3218 aerumna
939 3151 1155 3218 liberaturum.
1183 3152 1293 3234 itaque
1318 3171 1388 3218 curn
1406 3155 1450 3220 ad

220 3284 309 3332 aram
333 3283 403 3330 cum
419 3263 528 3329 infulis
552 3268 640 3329 esset
658 3263 815 3329 adductus
840 3269 873 3328 et
893 3269 986 3346 pater
1002 3264 1109 3329 Iovem
1131 3261 1324 3345 comprecari
1341 3264 1449 3348 vellet,

221 3376 352 3444 satelles
379 3375 595 3442 misericordia
619 3375 833 3440 adolescentis
854 3376 931 3440 Inus
956 3375 1142 3441 Athamanti
1167 3375 1331 3441 consilium
1356 3381 1450 3459 pate·

220 3489 304 3556 iecit,
347 3490 416 3553 Rex
436 3486 575 3553 facinore
593 3486 720 3569 cognito
745 3505 874 3552 uxorem
898 3505 988 3552 suam
1009 3487 1066 3551 Ino
1091 3491 1124 3552 et
1145 3485 1245 3552 filiurn
1269 3486 1336 3552 eius
1355 3486 1450 3554 Meli-

114 3657 117 3664 .
170 3595 328 3667 Pboerteu
352 3599 467 3665 Phrixo
498 3597 587 3664 dedit
616 3599 785 3664 necandos.
826 3616 906 3682 quos
936 3616 1006 3662 curn
1036 3597 1077 3662 ad
1102 3597 1291 3681 supplicium
1316 3598 1451 3665 duceret

221 3713 319 3778 Liber
332 3715 425 3794 pater
439 3710 468 3776 ei
486 3709 652 3792 caliginem
666 3709 773 3777 iniecit
791 3714 823 3775 et
837 3711 894 3775 Ino
911 3728 1001 3775 suam
1016 3708 1172 3779 nutricem
1187 3708 1311 3791 eripuit
1335 3709 1449 3790 [Ama-

224 3936 237 3981 1
257 3938 284 3980 ut
301 3946 360 3981 auae
377 3931 398 3977 P
415 3935 494 3977 actem
511 3941 608 3979 aanor
626 3924 651 3977 Σ
669 3928 725 3975 coll.
747 3926 821 3975 Ovio.
839 3927 897 3974 hiat.
916 3926 977 3973 VIll
996 3927 1027 3974 at
1041 3921 1051 3992 ΙΙ
1064 3929 1101 3974 est
1117 3929 1144 3973 ut
1161 3925 1182 3970 P
1200 3930 1234 3971 est
1252 3931 1274 3970 et
1287 3922 1374 3971 comm
1393 3925 1448 3988 [eat]

221 4035 248 4075 at
264 4025 289 4077 Σ
337 4028 360 4073 3.
378 4028 394 4073 4
412 4024 481 4073 Infra
492 4022 580 4071 CCXL
598 4023 764 4084 lyoortharsen
777 4021 892 4070 comm
908 4021 1063 4081 lycothersan
1080 4020 1155 4067 habet
1166 4020 1188 4065 F
1205 4017 1246 4083 (de
1258 4032 1308 4065 aco.
1326 4018 1352 4064 in
1364 4045 1398 4054 -
1411 4034 1448 4068 en

222 4125 291 4170 Neue
308 4121 430 4169 normani.
448 4119 467 4166 Ι.
486 4132 510 4177 p·
523 4115 677 4181 alt-22),
696 4117 760 4165 unda
778 4115 851 4164 simul
866 4116 907 4162 hio
925 4115 1026 4176 periisse
1044 4115 1164 4162 nonnulla
1181 4112 1311 4174 apparebit

292 4219 307 4264 6
324 4215 348 4262 h.
362 4229 381 4261 a.
401 4208 526 4276 Σφίγγιον
543 4212 596 4260 sivo
613 4208 709 4268 ‘Diarroia
727 4209 869 4257 Schoeneam
886 4210 929 4257 Mu
981 4213 993 4257 7
1013 4209 1152 4256 melicerten
1170 4209 1190 4254 P
1207 4207 1346 4254 melicertem
1358 4205 1447 4255 Comm

225 4315 239 4360 9
258 4306 427 4358 ‘occasionem'
445 4306 549 4353 fortasse
566 4320 615 4352 non
634 4318 695 4364 opus
714 4304 744 4351 cf.
762 4304 812 4351 fab.
829 4304 895 4352 VIII.
914 4302 983 4351 CXX
1001 4308 1025 4350 at
1042 4302 1124 4351 CXIX
1142 4303 1278 4351 ‘occasione
1296 4301 1375 4362 capta’

294 4407 325 4451 14
342 4401 413 4449 totius
429 4399 532 4459 repioaia
549 4401 587 4446 Bu
640 4399 670 4447 26
689 4399 741 4445 cisi
