3082 4950
588 223 595 247 ‘
743 238 784 305 ar

151 393 279 476 dicitur,
308 394 466 476 fugerunt.
496 394 530 459 hi
551 399 682 477 propter
704 393 907 460 solitudinem
930 409 1000 456 cum
1022 391 1128 456 vivere
1154 407 1218 454 non
1238 389 1382 469 possent,

150 506 313 587 petierunt
334 506 375 571 ab
396 507 472 571 Iove
499 511 535 571 ut
558 512 613 571 aut
634 505 778 570 homines
801 506 909 582 daret,
940 507 996 568 aut
1024 520 1080 566 eos
1107 500 1178 582 pari
1199 497 1383 564 calamitate

150 615 300 682 afficeret.
328 622 395 680 tum
414 617 500 683 lovis
521 617 617 683 iussit
639 635 694 682 eos
716 616 840 698 lapides
861 618 936 696 post
956 632 991 680 se
1012 613 1143 678 iactare.
1164 628 1244 693 quos
1259 611 1382 675 Deuca-

149 728 214 793 lion
235 727 367 794 iactavit
387 728 472 794 viros
496 747 569 794 esse
590 729 698 809 iussit,
727 745 806 811 quos
829 726 953 809 Pyrrha
972 723 1129 790 mulieres.
1159 722 1200 786 ob
1222 740 1292 823 eam
1313 738 1381 787 rem

151 834 255 916 λαός*
276 839 394 919 dictuS,
417 838 498 916 λᾶας
520 839 603 905 enim
625 858 739 922 graece
760 838 843 920 lapis
864 837 988 903 dicitur.
1074 891 1078 899 .
1390 837 1411 904 5

510 1036 635 1120 [CLIIII
655 1036 831 1102 Phaethon.
861 1032 1022 1119 Heliadesl

238 1173 403 1238 Phaethon
420 1172 667 1262 ClymeniSolis
688 1172 745 1237 filii
768 1177 800 1237 et
815 1172 962 1253 Meropes
985 1169 1142 1252 nymphae
1164 1167 1264 1250 filius,
1286 1187 1380 1251 quam

152 1284 370 1350 Oceanitidem
386 1285 575 1366 accepimus
596 1302 666 1349 cum
681 1283 797 1351 indicio
813 1282 914 1365 patris
938 1301 1031 1346 avum
1048 1281 1153 1346 Solem
1169 1279 1381 1362 cognovisset,

150 1395 331 1476 impetratis
361 1395 544 1461 curribus
577 1395 660 1460 male
690 1413 790 1460 usus
822 1397 892 1460 est.
931 1411 1004 1458 nam
1035 1410 1105 1458 cum
1135 1397 1222 1459 esset
1250 1391 1382 1473 propius

152 1511 270 1570 terram
293 1511 404 1572 vectus
426 1507 530 1570 vicino
551 1506 618 1588 igni
640 1506 745 1571 omnia
767 1505 1003 1586 conflagrarunt
1031 1507 1063 1568 et
1084 1503 1214 1568 fulmine
1243 1503 1326 1568 ictus
1349 1503 1381 1568 in

153 1615 270 1682 flumen
285 1617 408 1682 Padum
431 1618 553 1683 cecidit.
584 1618 645 1697 [hic
661 1617 763 1681 amnis
783 1616 949 1682 aGraecis
965 1616 1125 1680 Eridanus
1141 1615 1264 1697 dicitur,
1287 1634 1381 1697 quem
1392 1611 1433 1676 10

152 1728 352 1810 Pherecydes
373 1728 495 1812 primus
517 1728 664 1808 vocavit]
709 1728 781 1793 Indi
804 1733 925 1807 autem,
948 1727 1033 1809 quod
1055 1727 1159 1792 calore
1181 1726 1275 1791 vicini
1297 1727 1381 1809 ignis

153 1839 284 1920 sanguis
299 1839 332 1904 in
348 1845 451 1904 atrum
467 1840 603 1904 colorem
619 1858 731 1905 versus
748 1843 807 1919 est,
829 1839 911 1920 nigri
927 1843 1003 1903 sunt
1018 1837 1107 1903 facti:
1131 1823 1257 1904 sorores
1274 1844 1381 1904 autem

152 1949 361 2015 Phaethontis
384 1950 458 2015 dum
481 1951 644 2015 interitum
667 1950 787 2015 defient
807 1949 916 2015 fratris
939 1950 970 2014 in
995 1949 1124 2015 arbores
1148 1954 1224 2014 sunt
1245 1950 1381 2032 populos

78 2071 81 2074 ⁴
152 2080 275 2128 versae.
306 2062 428 2142 [harum
450 2063 609 2142 lacrimae,
632 2066 668 2125 ut
682 2062 844 2127 Hesiodus
862 2060 992 2141 indicat,
1012 2061 1045 2125 in
1061 2061 1211 2126 electrum
1228 2066 1303 2127 sunt
1324 2062 1383 2127 du·

152 2177 262 2253 ratae]
314 2173 478 2253 [Heliades
506 2180 612 2237 tamen
642 2174 859 2252 nominantur;
892 2179 968 2237 sunt
996 2177 1101 2238 autem
1129 2172 1259 2255 Merope
1289 2171 1382 2238 Helie
1393 2169 1433 2236 15

153 2283 255 2364 Aegle
282 2284 449 2366 Lampetie
475 2284 603 2349 Phoebe
634 2283 783 2350 Aetheria
811 2283 988 2366 Dioxippe]
1037 2283 1164 2366 Cygnus
1192 2288 1299 2350 autem
1326 2303 1382 2350 rex

151 2394 319 2477 Liguriae,
339 2395 393 2476 qui
414 2394 474 2460 fuit
493 2395 685 2461 Phaethonti
706 2396 920 2477 propinquus,
943 2395 1017 2459 dum
1041 2393 1137 2459 deflet
1158 2394 1381 2477 propinquum,

155 2507 187 2571 in
209 2525 345 2589 cygnum
369 2524 541 2572 conversus
564 2511 622 2571 est.
651 2507 680 2571 is
703 2525 828 2588 quoque
850 2506 987 2571 moriens
1008 2504 1114 2570 flebile
1136 2505 1228 2571 cauit.

585 2692 752 2768 JCLXXI
775 2702 911 2768 Althaea

234 2839 317 2905 Cum
337 2839 474 2904 Althaea
495 2839 618 2904 Thestii
645 2839 711 2904 lilia
733 2858 797 2905 una
818 2844 912 2904 nocte
939 2839 1176 2906 concubuerunt
1198 2843 1327 2907 Oeneus
1349 2847 1382 2907 et

154 2949 258 3030 Mars;
288 2949 463 3032 exquibus
485 2969 556 3016 oum
579 2956 666 3017 esset
687 2956 783 3016 natus
806 2951 968 3034 Meleager
989 2951 1096 3017 subito
1117 2951 1151 3017 in
1172 2952 1262 3035 regia
1284 2953 1433 3035 appa-20

152 3066 286 3126 ruerunt
307 3061 427 3127 Parcae
445 3060 571 3142 [Clotho
585 3062 741 3128 Lachesis
757 3064 916 3145 Atropos]
961 3062 1019 3128 Oui
1040 3062 1108 3129 iata
1125 3063 1172 3129 ita
1187 3064 1382 3132 cecinerunt:

154 3173 269 3238 Clotho
295 3171 375 3236 dixit
405 3191 476 3238 eum
498 3191 688 3255 generosum
715 3173 870 3254 futurum,
899 3174 1052 3240 Lachesis
1079 3174 1211 3258 fortem,
1241 3179 1381 3258 Atropos

151 3379 252 3440 Nigidio
269 3393 308 3440 sp.
327 3379 396 3428 schol
414 3380 439 3425 iu
458 3377 599 3426 Germanioi
616 3381 684 3426 Arat.
703 3382 791 3439 ptos
809 3381 924 3440 Eyssenh
975 3383 989 3429 5
1007 3382 1073 3428 Laos
1092 3382 1185 3440 dietus,
1203 3383 1270 3430 Laos
1287 3383 1308 3428 F
1327 3397 1381 3430 corr

151 3474 191 3521 Bu
216 3477 253 3521 ‘ex
277 3488 325 3533 quo
351 3487 438 3533 graeco
462 3474 516 3522 laoa
541 3473 653 3520 homines
678 3474 833 3522 vocarentur*
858 3475 972 3535 Nigidius
990 3478 1005 3523 l.
1021 3490 1040 3523 c.
1063 3472 1073 3541 ΙΙ
1098 3474 1189 3543 lycaeus
1209 3478 1314 3538 papalem
1339 3475 1380 3544 est}

152 3567 230 3614 dietus
248 3567 271 3614 ci
288 3565 314 3616 Σ

221 3660 321 3724 ΙῦΒΠΙΙ
338 3661 446 3721 phadton
464 3658 573 3721 Hesiodi!
599 3663 647 3709 add
665 3663 780 3723 Micyllus
812 3664 900 3711 hesiod.
923 3665 997 3712 index
1014 3665 1135 3712 Phaethm
1152 3665 1267 3712 Heliades
1285 3681 1339 3714 corr
1356 3666 1382 3717 Σ

153 3756 242 3802 Totum
267 3759 341 3815 caput
362 3755 463 3802 seclusit
478 3756 585 3803 Bursian
603 3757 650 3803 ΠΒ
669 3756 754 3804 XCIII
777 3773 800 3817 p.
815 3760 864 3806 774
917 3760 931 3804 6
955 3760 1063 3819 phadton
1081 3761 1101 3806 P
1122 3759 1131 3824 ΙΙ
1151 3761 1216 3809 lilius
1241 3762 1303 3808 eth*
1327 3776 1382 3808 corr

152 3848 240 3896 Gomm
293 3851 306 3895 'l
324 3848 453 3896 iudicioli
477 3863 532 3896 corr
550 3849 636 3897 Oomm
655 3847 665 3916 ΙΙ
687 3850 760 3899 Ovio.
778 3858 834 3900 met.
852 3854 865 3899 1
885 3855 931 3899 146
987 3855 1018 3901 10
1036 3855 1166 3915 erydamus
1184 3856 1205 3901 F
1222 3870 1278 3902 corr
1295 3855 1382 3902 Gomm

152 3946 182 3991 11
196 3942 292 4003 primas
309 3939 414 4006 lPadam'
434 3943 489 3991 coni
501 3944 544 3990 Mn
562 3944 624 3993 alius
642 3946 712 3993 malit
730 3943 786 4012 {alio
802 3947 902 4005 nomine!
921 3943 1245 4012 uocauit-:yresuru‘yaaoa
1264 3949 1312 3996 nisi
1329 3964 1381 3996 cor-

150 4038 280 4096 rigendum
291 4037 323 4085 sit
339 4035 442 4084 ‘locavit’
490 4041 520 4085 12
539 4038 712 4098 phaetontisa
729 4043 848 4100 populeas
860 4042 972 4089 Luctant.
988 4041 1061 4091 Ovid.
1080 4048 1136 4090 met.
1149 4044 1174 4091 II
1194 4047 1207 4090 2
1245 4047 1274 4090 14
1294 4045 1382 4091 borum

150 4132 291 4192 lachrymae
304 4131 327 4178 G
344 4131 429 4178 haram
445 4131 584 4191 lachrymae
596 4133 683 4181 Gomm
736 4135 767 4181 15
786 4136 883 4183 ‘umen’
901 4142 1042 4196 suspectum
1054 4137 1102 4185 nisi
1119 4137 1276 4186 scribendum
1296 4136 1381 4201 {Vulgo

149 4226 333 4273 Phaethontides
351 4233 405 4273 sant
422 4225 506 4292 dictaei
526 4227 641 4274 Heliades
665 4235 744 4276 tamea
762 4235 786 4276 et
802 4246 825 4290 q.
845 4245 865 4278 s.
919 4235 949 4278 16
969 4233 1054 4291 usglae
1071 4232 1092 4277 F
1110 4247 1165 4279 corr
1184 4232 1270 4280 Oomm
1290 4229 1300 4297 ΙΙ
1320 4234 1381 4280 lum·

149 4319 216 4379 pidIe
232 4319 253 4365 F
271 4334 326 4367 corr
343 4320 430 4368 Ccmm
452 4317 461 4386 ss
482 4323 594 4382 phoebea
611 4323 735 4370 cohorter
753 4339 808 4370 corr
825 4325 868 4372 Mu
890 4321 899 4388 ΙΙ
921 4340 1060 4385 cygnus-
1078 4341 1183 4386 cygnum
1200 4326 1221 4371 F
1239 4341 1330 4387 cycnus
1347 4355 1380 4369 ..-

150 4428 254 4475 cycnum
272 4415 311 4460 Bu
365 4419 395 4464 18
414 4430 513 4464 versum
531 4418 643 4463 redolent
662 4417 775 4465 ‘moriens
794 4433 890 4478 quoque
907 4419 988 4467 flebile
1006 4421 1097 4468 cautat’
