3082 4950
803 202 864 268 112

320 353 460 421 Tiresias
483 355 597 420 Eueris
619 353 703 420 filius
850 356 960 423 Manto
983 357 1126 425 Tiresiae
1146 358 1213 424 fiha

321 465 472 549 Polyidus
495 466 629 532 Coerani
651 465 735 533 filius
847 469 990 534 Helenus
1013 470 1132 536 Priami
1153 470 1239 536 filius

322 578 506 644 Cassandra
527 577 644 643 Priami
666 577 732 643 filia
846 579 981 646 Calchas
1003 582 1168 648 Thestoris
1189 582 1276 647 filius

320 690 570 772 Theoclymenus
592 690 757 755 Tbestoris
779 689 863 756 filius
886 691 1034 758 Telemus

592 803 699 868 Protei
721 802 806 867 filius
849 802 996 868 Telemus
1018 804 1149 886 Eurymi
1169 804 1255 870 filius

371 913 492 996 Sibylla
513 914 634 981 Samia:
657 914 711 980 alii
733 913 904 979 Cumaeam
927 914 1084 981 dixerunt.

685 1110 821 1194 lGXXIX
844 1111 978 1196 Oeneusl

302 1247 398 1312 Liber
420 1265 490 1312 curn
513 1246 554 1312 ad
570 1248 711 1311 Oeneum
727 1247 918 1313 Parthaonis
937 1246 1036 1312 filium
1053 1247 1086 1313 in
1104 1248 1277 1330 hospitium
1294 1249 1454 1331 venisset,

217 1357 386 1423 Althaeam
409 1358 532 1423 Thestii
558 1356 655 1422 filiam
682 1377 811 1423 uxorem
834 1358 933 1424 Oenei
956 1358 1126 1425 adamavit.
1155 1360 1240 1441 quod
1262 1360 1394 1427 Oeneus
1418 1366 1454 1426 ut

217 1468 334 1549 sensit,
357 1469 521 1535 voluntate
544 1488 603 1535 sua
625 1489 663 1536 ex
685 1469 762 1535 urbe
784 1470 922 1535 excessit
944 1470 1135 1552 simulatque
1158 1489 1192 1563 se
1215 1488 1308 1536 sacra
1331 1471 1453 1539 facere:

167 1585 251 1652 10at
268 1581 364 1646 Liber
384 1598 454 1646 cunr
471 1581 610 1647 Althaea
632 1581 808 1659 concubuit,
831 1600 869 1646 ex
892 1599 954 1662 qua
972 1587 1067 1647 natus
1084 1586 1134 1648 est
1149 1581 1315 1663 Deianira;
1339 1585 1452 1651 Oeneo

216 1697 321 1758 autem
344 1692 383 1758 ob
405 1693 578 1775 hospitium
595 1693 727 1759 liberale
744 1694 866 1759 muneri
887 1693 984 1758 vitem
1001 1693 1090 1759 dedit
1105 1694 1359 1776 monstravitque
1373 1715 1452 1778 quo-

215 1805 310 1869 modo
333 1809 469 1885 sereret,
487 1789 690 1887 ¹fructumque
713 1805 783 1870 eius
805 1824 843 1871 ex
863 1805 990 1870 nomine
1012 1805 1149 1888 hospitis
1171 1823 1274 1872 oencn
1295 1812 1333 1871 ut
1355 1826 1453 1875 uoca-

215 1922 288 1983 rent
308 1915 458 1983 instituit.

587 2111 708 2192 lGXXX
729 2112 849 2178 Icarius
872 2118 905 2178 et
926 2113 1071 2198 Erigone)

301 2249 379 2314 Oum
402 2248 498 2314 hiber
518 2252 613 2330 pater
633 2249 675 2313 ad
696 2248 840 2315 homines
864 2255 951 2315 esset
971 2249 1151 2331 proiectus,
1171 2254 1208 2333 ut
1229 2267 1360 2315 suorum
1382 2249 1451 2317 fru-

166 2372 206 2438 15
216 2366 323 2427 etuum
355 2361 546 2427 suavitatem
576 2365 672 2442 atque
699 2360 929 2426 iucunditatem
957 2360 1155 2441 ostenderet,
1184 2362 1227 2426 ad
1248 2360 1388 2427 lcarium
1416 2370 1450 2429 et

214 2473 387 2555 Erigonam
408 2472 442 2538 in
464 2472 635 2554 hospitium
651 2471 782 2538 liberale
804 2473 942 2539 devenit.
964 2472 1003 2538 iis
1021 2476 1124 2537 utrem
1140 2471 1269 2554 plenum
1292 2471 1357 2539 vini
1380 2493 1451 2541 mn-

215 2584 282 2650 neri
311 2585 401 2650 dedit
429 2585 587 2666 iussitque
616 2589 653 2649 ut
681 2584 714 2649 in
744 2584 885 2665 reliquas
914 2588 1018 2649 terras
1049 2588 1272 2666 propagarent.
1322 2584 1450 2652 Icarius

214 2695 360 2776 plaustro
380 2702 511 2762 onerato
531 2714 600 2761 cum
618 2695 757 2778 Erigone
771 2694 838 2761 filia
852 2700 884 2762 et
900 2713 978 2760 cane
995 2694 1107 2761 Maera
1122 2695 1155 2760 in
1170 2700 1288 2761 terram
1305 2695 1450 2763 Atticam

215 2807 257 2871 ad
273 2811 420 2888 pastores
442 2808 570 2873 devenit
591 2812 625 2872 et
644 2826 744 2889 genus
761 2806 930 2873 suauitatis
953 2807 1102 2873 ostendit.
1123 2811 1270 2889 pastores
1293 2824 1365 2871 cum
1390 2807 1449 2873 im-

163 2918 409 2992 20moderatius
426 2918 570 2983 biberent
591 2918 670 2983 ebrii
686 2917 763 2983 lacti
781 2917 1000 2999 conciderunt,
1022 2918 1077 3000 qui
1098 2918 1290 2984 arbitrantes
1307 2918 1449 2986 Icarium

215 3030 276 3096 sibi
291 3029 409 3096 malum
424 3029 689 3094 medicamentum
711 3029 840 3096 dedisse
855 3029 993 3095 fustibus
1012 3049 1083 3095 eum
1098 3028 1334 3095 interfecemnt.
1378 3031 1449 3097 Ica-

213 3143 295 3209 rium
312 3147 419 3208 autern
437 3140 574 3206 occisum
597 3140 685 3206 canis
701 3139 828 3206 uhdans
846 3141 957 3207 Maera
972 3140 1157 3224 *Erigonae
1178 3140 1370 3207 monstravit
1392 3142 1449 3208 ubi

215 3353 227 3398 1
248 3350 341 3412 curymi
359 3350 379 3395 E
397 3363 452 3397 corr
469 3349 512 3396 Mu
557 3353 572 3396 4
591 3349 768 3398 theoclimenus
784 3350 805 3395 E
822 3348 981 3398 teoclimeuus
999 3348 1086 3397 Comm
1105 3363 1160 3396 corr
1178 3348 1221 3394 Mu
1233 3345 1243 3412 l
1255 3347 1449 3399 Theoclimenus

213 3445 366 3506 Polyphidae
384 3445 442 3510 (leg.
461 3443 606 3505 Polyphidis
624 3445 759 3491 secundum
770 3445 869 3491 Homer.
889 3441 977 3504 Odyss.
996 3459 1008 3493 a
1027 3446 1085 3492 252.
1104 3441 1129 3507 θ)
1147 3443 1213 3491 filius
1231 3442 1347 3491 Theonoe
1361 3445 1449 3493 Protei

213 3539 264 3585 filia
282 3538 344 3585 coni.
361 3537 418 3586 Mic.
435 3538 452 3584 i.
470 3553 495 3585 m
512 3537 704 3599 dittographiam
721 3539 779 3586 eecl.
798 3536 823 3587 Σ
876 3541 890 3586 θ
909 3552 1020 3598 eymeam
1037 3538 1058 3584 E
1076 3552 1131 3585 corr
1149 3535 1197 3584 Sch

283 3628 396 3695 lcxnx
409 3629 514 3698 Oeneusl
534 3633 629 3680 addidit
640 3632 756 3694 Micyllus
773 3632 842 3680 cuius
854 3632 915 3679 haec
927 3637 985 3680 suut
999 3633 1078 3680 verba
1094 3632 1120 3678 in
1133 3632 1243 3692 margine
1260 3645 1286 3691 p.
1297 3631 1331 3680 40
1349 3633 1448 3693 posita:

214 3727 332 3775 ‘Fabulae
355 3742 418 3787 quae
440 3727 498 3775 hinc
522 3729 555 3774 ad
573 3716 673 3788 Marsya
695 3741 753 3786 usq3
780 3725 856 3790 (he,
881 3727 914 3773 ad
931 3740 985 3786 cap.
1003 3726 1065 3791 lxv.)
1090 3732 1225 3787 sequuntur
1243 3725 1317 3787 capit.
1343 3726 1399 3777 suis
1424 3734 1449 3777 et

212 3836 314 3870 numero
331 3821 464 3882 inscriptae
480 3836 530 3869 uon
548 3826 618 3869 erant
634 3821 661 3868 in
674 3821 751 3870 veteri
769 3822 889 3881 exemplo,
908 3835 971 3881 quae
988 3835 1034 3870 nos
1052 3810 1117 3869 tarne
1135 3822 1167 3867 ad
1185 3820 1266 3868 indice
1284 3820 1449 3871 restituimus'

215 3920 246 3966 12
264 3922 394 3964 vocaretur
411 3917 432 3962 F
449 3923 562 3964 vocarent
578 3918 619 3964 vel
636 3930 774 3963 vocaremus
793 3913 817 3964 Σ

282 4010 375 4058 CXXX
392 4010 473 4056 iborea
491 4011 584 4071 ceipene
601 4018 624 4058 et
641 4011 709 4058 cuais
727 4010 800 4057 index
853 4011 884 4057 18
902 4010 1008 4056 merab*
1032 4024 1088 4057 corr
1105 4008 1147 4055 ldu
1198 4011 1228 4057 19
1247 4008 1282 4057 eis
1300 4022 1379 4069 genus
1398 4011 1449 4060 hoc

213 4106 284 4156 schol
300 4106 326 4152 in
345 4104 484 4152 Germanici
502 4107 592 4153 Aratea
610 4120 633 4166 p.
648 4109 679 4155 78
698 4105 791 4161 Bnhle,
812 4118 884 4162 penae
902 4118 975 4150 suave
991 4103 1046 4150 odie
1064 4103 1111 4151 Nic
1122 4102 1255 4163 Heinsius,
1274 4097 1350 4167 γάνος
1367 4104 1449 4155 utere

216 4202 274 4251 olim
296 4200 435 4261 suspicatus
460 4197 539 4247 osez
563 4193 686 4263 (ἀμπέλου
712 4195 796 4263 γάνος)
820 4213 885 4245 nunc
911 4194 1008 4264 laeuam}
1033 4212 1105 4257 penas
1128 4197 1255 4245 amabas
1274 4193 1322 4263 leia}
1349 4200 1449 4248 conicio

214 4300 246 4345 22
264 4294 370 4343 morah*
390 4291 400 4360 ΙΙ
420 4295 507 4341 Moero
526 4291 586 4359 leam
602 4294 739 4360 requireret}
757 4293 813 4341 coni
825 4290 850 4341 Σ
868 4295 925 4341 coll.
942 4293 1013 4341 schol
1029 4293 1055 4339 in
1072 4292 1185 4341 Caesaris
1199 4290 1340 4340 Germanici
1352 4294 1450 4344 haten

213 4405 236 4452 p.
251 4392 298 4438 389
318 4391 348 4440 ed
365 4389 500 4451 Eysseuh.:
520 4392 583 4436 ‘cum
600 4390 741 4439 maerendo
759 4390 855 4438 ululatu
871 4393 995 4436 mortuum
1011 4387 1125 4453 (mortem
1142 4387 1163 4433 P
1180 4391 1283 4435 mortem
1300 4391 1407 4437 mortem
1425 4390 1449 4437 B
