3082 4950
746 198 784 264 71

153 351 292 416 1616161.
322 349 373 416 661
389 368 458 415 cum
475 349 609 417 Cocalus
627 351 828 432 promisisset
845 357 877 416 et
890 352 1052 418 Daedalus
1071 352 1224 419 rescisset
1240 352 1280 418 ab
1296 352 1381 433 regis

152 461 279 527 filiabus
303 461 453 527 auxilium
476 461 576 543 petiit.
605 461 680 528 illae
702 461 841 527 Minoem
864 462 1055 528 occiderunt.

592 658 740 724 XXXXV
762 657 938 724 Philomela

239 796 358 860 Tereus
380 793 493 859 Martis
520 792 605 859 filius
628 794 733 859 Thrax
761 812 832 859 cum
854 795 1001 875 Prognen
1023 793 1195 861 Pandionis
1222 793 1320 860 filiam
1347 794 1380 858 in

153 905 331 988 coniugium
353 905 494 985 haberet,
515 905 659 971 Athenas
681 906 723 970 ad
738 905 933 970 Pandionem
954 923 1097 970 socerum
1121 904 1207 969 venit
1225 910 1380 986 rogatum,

152 1023 189 1082 ut
216 1016 422 1082 Philomelam
451 1017 583 1082 alteram
609 1015 708 1082 filiam
737 1015 797 1082 sibi
826 1016 859 1081 in
886 1016 1065 1098 coniugium
1096 1016 1201 1080 daret:
1232 1014 1409 1098 Prognenb

153 1146 245 1199 suum
267 1127 351 1194 diem
373 1127 480 1193 obisse
503 1127 588 1192 dicit.
631 1127 776 1193 Pandion
799 1127 828 1192 ai
849 1127 974 1192 veniam
1002 1127 1091 1192 dedit
1111 1126 1381 1207 Philomelamque

152 1243 187 1304 et
208 1231 359 1304 custodes
381 1256 451 1305 cum
474 1256 514 1303 ea
534 1238 633 1304 misit:
656 1257 735 1320 quos
758 1239 878 1304 Tereus
900 1237 932 1302 in
954 1257 1042 1304 mare
1064 1238 1138 1304 iecit
1159 1226 1380 1302 Philomelam-

151 1367 214 1431 que
233 1349 366 1415 invitam
386 1348 420 1414 in
440 1347 572 1415 monte*
596 1350 793 1431 compressit.
836 1349 1009 1431 Postquam
1032 1354 1137 1415 autem
1159 1348 1191 1413 16
1213 1347 1380 1414 Thraciam

150 1459 234 1526 redit
248 1459 453 1526 Philomelam
471 1461 602 1527 mandat
622 1462 663 1527 ad
680 1447 845 1542 Lynceum
855 1480 971 1541 regem,
989 1460 1077 1526 cuius
1093 1479 1173 1525 uxor
1187 1459 1380 1538 scaethusa

151 1572 237 1653 quod
251 1571 397 1653 Prognae
417 1570 478 1636 luit
492 1570 658 1638 familiaris
681 1573 790 1637 statim
805 1571 950 1655 pellicem
968 1571 1073 1656 {Tereii
1096 1572 1137 1636 ad
1154 1589 1222 1636 eam
1239 1570 1379 1636 deduxit.
1390 1572 1430 1638 10
1461 1565 1463 1567 ’

139 1682 278 1764 Progne
300 1682 428 1765 cognita
451 1682 493 1765 ire
508 1683 585 1768 cumi
609 1701 718 1748 sorore
735 1682 866 1765 impium
885 1681 1008 1748 lacinus
1023 1682 1094 1764 pari
1110 1681 1241 1748 consilio
1262 1682 1379 1747 machi·

151 1793 221 1859 nari
237 1801 410 1875 coeperunt
432 1793 478 1875 leti
494 1793 562 1876 regi
577 1794 674 1859 talem
688 1794 824 1876 gratiam
844 1793 970 1860 referre.
1012 1793 1143 1859 Interim
1159 1794 1257 1859 Tereo
1274 1797 1380 1860 66166-

152 1904 289 1969 debatur
309 1905 340 1969 in
364 1904 519 1986 prodigiis
534 1905 584 1986 Ity
598 1901 663 1969 fflio
680 1905 747 1970 eius
763 1910 896 1970 mortem
913 1924 933 1970 a
947 1905 1126 1987 propinqua
1140 1923 1237 1970 manu
1255 1905 1378 1971 adesse.

151 2034 213 2097 quo
235 2033 391 2097 responso
413 2015 522 2081 audito
544 2034 615 2080 cum
634 2016 842 2081 arbitraretur
856 2017 1031 2099 Dryantem
1051 2015 1184 2081 fratrem
1199 2035 1292 2081 suum
1313 2015 1377 2080 filio

151 2145 211 2192 suo
232 2130 366 2191 mortem
381 2126 555 2191 machinari
570 2126 701 2192 fratrem
715 2128 890 2210 Dryantem
912 2127 1071 2192 insontem
1094 2127 1217 2192 occidit.
1254 2126 1378 2208 Progne
1388 2120 1428 2187 15

151 2241 258 2303 autem
279 2235 379 2303 filium
394 2239 476 2319 Itym
498 2256 536 2303 ex
559 2256 594 2303 66
616 2242 649 2302 61
663 2239 763 2303 Tereo
786 2243 896 2303 natum
919 2238 1035 2303 occidit
1051 2239 1199 2320 patrique
1220 2239 1253 2303 in
1276 2237 1377 2321 opidis

151 2347 303 2431 apposuit
324 2353 357 2415 et
378 2367 447 2414 cum
464 2367 573 2414 661616
587 2349 747 2432 profugit
781 2350 901 2416 Tereus
924 2348 1063 2415 facinore
1078 2348 1204 2431 cognito
1218 2348 1376 2430 fugientes

151 2478 222 2525 cum
242 2461 477 2547 insequeretur,
506 2459 637 2525 deorum
657 2460 875 2526 misericordia
895 2459 1014 2526 iactum
1042 2464 1106 2539 661,
1134 2464 1170 2523 61
1191 2459 1318 2540 Progne
1344 2459 1377 2524 in

149 2569 351 2636 hirundinem
372 2575 633 2652 commutaretur,
654 2570 830 2636 Philomela
852 2571 885 2636 in
906 2570 1086 2637 lusciniam:
1114 2571 1247 2637 Tereum
1270 2574 1376 2667 antem

150 2680 334 2763 accipitrem
354 2680 473 2747 lactum
495 2682 614 2747 dicunt.
1384 2667 1427 2733 20

529 2880 558 2948 κ’
570 2878 742 2945 XXXXVI
755 2878 954 2945 Erechtheus

235 3014 433 3081 Erechtheus
448 3013 623 3083 Pandionis
643 3015 728 3083 filius
743 3015 857 3082 hahuit
876 3014 960 3082 filias
978 3019 1124 3097 quatuor,
1146 3033 1228 3097 quaa
1242 3014 1326 3081 inter
1341 3033 1377 3080 66

150 3125 369 3193 coniurarunt:
400 3126 429 3192 si
450 3144 514 3192 una
535 3145 644 3193 aarum
666 3132 801 3193 mortem
823 3127 953 3206 6116661,
974 3130 1142 3207 6[6]616166
1164 3125 1377 3192 6616161166-

149 3242 229 3304 rent
272 3239 309 3303 In
332 3257 370 3304 66
392 3244 535 3320 tempore
549 3237 725 3321 Eumolpus
739 3237 880 3319 Neptuni
900 3235 985 3304 filius
1004 3239 1148 3303 Athenas
1168 3237 1256 3303 venit
1277 3256 1377 3318 oppu-

149 3350 428 3432 gnatums‚·quod
450 3348 552 3431 patris
575 3349 625 3414 sui
645 3355 763 3415 terram
785 3347 923 3413 Atticam
945 3346 1046 3414 161666
1067 3347 1196 3414 1166161
1222 3348 1250 3413 16
1272 3347 1374 3414 victus

220 3621 233 3666 1
252 3623 275 3665 61
290 3616 336 3665 ida
356 3613 367 3684 ΙΙ
385 3616 449 3665 hanc
466 3616 576 3665 tabulam
593 3614 789 3676 subsequebatur
805 3613 900 3662 XLVII

217 3709 297 3778 LXV]
324 3712 355 3759 cf.
373 3711 497 3759 XXXVII
549 3714 564 3760 8
588 3710 614 3758 in
631 3711 709 3758 vitam
730 3709 757 3756 in
774 3713 882 3758 montem
899 3709 920 3756 F
937 3709 1064 3757 inventam
1089 3708 1115 3755 in
1132 3708 1375 3769 6661616716-
1462 3761 1465 3767 ,

144 3776 223 3855 'mm
246 3807 273 3854 ia
296 3805 477 3854 166616066161
535 3808 549 3853 9
574 3803 675 3852 redita
734 3804 766 3851 10
788 3803 920 3864 prognaF
943 3803 1051 3851 Promeae
1068 3803 1112 3850 Mu
1131 3799 1141 3870 ΙΙ
1161 3805 1275 3865 pollicem
1299 3805 1332 3852 ad
1354 3805 1375 3850 1⁴¹

149 3916 205 3950 corr
222 3899 248 3951 Σ
302 3904 331 3949 11
352 3897 461 3965 11666611
485 3899 549 3946 inl*
574 3913 622 3953 616.
646 3899 695 3947 611
713 3895 739 3949 Σ
758 3894 769 3965 ΙΙ
792 3912 877 3947 661616
900 3903 924 3945 61
941 3898 1012 3946 Τ6161
1029 3898 1168 3959 1616161611
1191 3898 1304 3962 [comita]
1324 3914 1376 3946 com

149 4010 253 4044 66161666
270 4002 293 4042 ct
312 3994 382 4042 Terei
396 3993 494 4054 impiam
506 3993 606 4053 faciam
625 3990 778 4056 {romaicam
795 3993 858 4054 pari
874 3993 929 4040 6661
947 3992 1032 4053 Lange
1048 4006 1072 4054 p.
1086 3995 1117 4040 31
1137 4007 1191 4042 6611
1208 3991 1234 4043 Σ
1288 3996 1319 4042 la
1339 3989 1373 4058 lat}

149 4104 190 4139 616
207 4090 228 4136 P
246 4090 294 4137 add
313 4078 338 4140 Σ
358 4087 505 4154 1116161661
558 4089 588 4136 13
606 4087 643 4150 ity
659 4088 680 4133 F
697 4089 766 4137 Neue
783 4088 907 4136 Parmani.
924 4087 938 4133 I
954 4101 978 4147 p.
991 4087 1041 4135 300
1094 4089 1126 4136 14
1144 4087 1265 4135 driantem
1281 4087 1302 4134 Ε·
1320 4101 1375 4134 6611

149 4184 193 4232 Mu
246 4186 276 4232 lb
302 4183 460 4231 11166161611
484 4182 606 4230 corr.th
665 4183 695 4230 10
717 4183 774 4244 Ityn
790 4181 859 4242 Virg.
879 4179 952 4229 Ouid.
978 4181 1022 4229 sed
1047 4182 1111 4243 Itym
1132 4182 1243 4243 Propsrt
1259 4181 1295 4228 IV
1316 4179 1375 4247 (111)

151 4282 192 4339 10,
212 4282 244 4328 10
261 4279 329 4326 Neue
346 4277 470 4325 Formcnl.
488 4277 500 4323 I
517 4292 542 4337 p.
555 4278 604 4326 313

219 4372 303 4420 XLVI
320 4371 459 4420 erichthaeo
476 4371 497 4417 p
515 4385 553 4419 616
570 4370 614 4418 utu
631 4367 742 4434 (ubique)
794 4372 826 4420 23
845 4383 870 4417 se
889 4365 969 4435 11166661
988 4368 1044 4417 6661
1061 4366 1086 4420 Σ
