3082 4950
791 220 833 285 26

197 368 246 433 Ex
268 367 405 434 Medusa
423 370 580 451 Gorgonis
602 371 668 436 filia
689 376 722 436 et
741 373 890 455 Neptuno
912 374 980 439 nati
1002 383 1078 440 sunt
1092 375 1251 457 Chrysaor
1273 379 1306 440 et
1327 392 1432 457 equus

197 477 359 561 Pegasus,
383 500 421 544 ex
443 481 619 565 Chrysaore
642 488 675 549 et
696 482 890 569 Callilrffrhoe
913 486 1040 568 Geryon
1062 486 1273 566 trimembris]

684 681 774 765 ictu
797 683 936 768 Typhonl

285 817 447 895 [Tartams
470 835 509 881 ex
531 818 629 883 Terra
650 819 829 900 procreavit
850 820 1035 902 Typhonem
1057 819 1187 885 immani
1208 819 1432 901 magnitudine

199 927 366 1008 specieque
388 932 574 1009 portentosa
596 930 644 994 cui
664 936 790 995 centum
806 931 913 1013 capita
930 932 1101 996 draconum
1120 949 1158 997 ex
1174 930 1316 996 humeris
1332 937 1432 997 enata

168 1033 298 1103 5erant.
329 1039 380 1103 hic
401 1040 508 1104 Iovem
538 1042 723 1122 provocavit
745 1041 773 1106 si
803 1043 900 1109 vallet
931 1060 1038 1107 secum
1066 1042 1106 1106 de
1134 1061 1232 1124 regno
1264 1041 1431 1128 certareltl.

198 1149 283 1214 Iovis
306 1149 436 1216 fulmine
453 1150 577 1216 ardenti
599 1158 713 1234 pectus
736 1153 804 1218 eius
818 1154 991 1236 percussit3
1014 1153 1067 1235 qui
1089 1172 1159 1219 curn
1172 1153 1325 1236 flagraret
1340 1171 1431 1218 mon·

198 1266 261 1325 tem
284 1263 420 1327 Aetnam
441 1263 495 1344 qui
517 1268 568 1329 cst
589 1264 621 1328 in
645 1263 752 1330 Sicilia
774 1283 962 1347 supereum
986 1265 1152 1347 imposuit,
1174 1265 1228 1346 qui
1249 1282 1289 1328 ex
1311 1282 1349 1328 eo
1373 1265 1430 1328 ad-

196 1371 260 1437 huc
280 1373 393 1438 ardere
415 1374 548 1455 dicitur]

282 1484 448 1551 Phaethon
466 1486 549 1552 Solis
571 1493 603 1552 et
618 1487 784 1570 Clymenes
800 1488 884 1554 filius
907 1507 977 1554 cum
996 1488 1077 1553 clam
1094 1487 1195 1570 patris
1212 1506 1339 1552 currum
1355 1506 1430 1555 con·

148 1589 189 1654 10
198 1596 380 1662 scendisset
410 1603 443 1662 et
469 1599 566 1663 altius
598 1603 726 1664 aterra
753 1607 840 1665 esset
862 1600 979 1680 elatus,
1008 1599 1226 1681 praetimore
1253 1599 1374 1664 decidit
1395 1600 1429 1665 in

196 1707 314 1772 flumen
331 1709 514 1774 Eridanum.
543 1711 626 1775 hunc
642 1711 786 1793 Iuppiter
803 1730 873 1776 cum
891 1711 1021 1776 fulmine
1035 1711 1257 1793 percussisset
1280 1710 1431 1775 omnia**

198 1819 309 1884 ardere
325 1827 505 1901 coeperunt.
542 1822 627 1887 Iovis
643 1827 680 1886 ut
698 1842 789 1887 omne
807 1842 909 1905 genus
929 1823 1108 1888 mortalium
1129 1840 1198 1887 cum
1218 1840 1316 1886 causa
1329 1821 1430 1887 inter·

197 1927 315 2008 ficeret,
338 1930 498 1996 simulavit
521 1951 556 1997 se
577 1933 610 1997 id
632 1934 713 1998 velle
736 1934 933 2016 extinguere:
957 1933 1092 1998 *amnes
1115 1933 1254 2014 undique
1274 1933 1430 2014 irrigavit,

198 2059 352 2122 omneque
375 2060 475 2122 genus
493 2044 673 2108 mortalium
694 2045 816 2109 interiit
831 2050 960 2126 praeter
976 2045 1129 2127 Pyrrham
1144 2048 1177 2109 et
1194 2044 1429 2109 Deucalionem.

148 2145 233 2217 ruat
254 2171 379 2218 sorores
400 2153 609 2218 Phaethontis
632 2155 718 2236 quod
740 2174 838 2237 equos
861 2156 985 2221 iniussu
1006 2156 1109 2237 patris
1130 2155 1300 2220 iunxerant
1321 2156 1353 2220 in
1379 2175 1429 2220 ar-

197 2263 290 2330 bores
312 2265 448 2346 populos
470 2270 682 2331 commutatae
703 2271 787 2332 sunt.

554 2464 663 2549 lOLIII
684 2465 857 2530 Deucalion
880 2469 913 2529 et
935 2462 1063 2549 Pyrrhal

282 2601 503 2684 cataclysmus
525 2603 610 2683 quod
632 2620 691 2668 nos
715 2602 866 2667 diluvium
889 2601 940 2666 vel
962 2600 1180 2681 irrigationem
1202 2599 1335 2666 dicimus
1357 2619 1429 2666 cum

196 2713 314 2779 lactum
336 2719 402 2794 est,
424 2731 517 2779 omne
540 2732 639 2794 genus
661 2714 833 2778 humanum
854 2712 977 2777 interiit
998 2717 1126 2793 praeter
1147 2711 1373 2777 Deucalionem
1397 2719 1430 2778 et

197 2825 365 2907 Pyrrham,
395 2825 448 2907 qui
477 2825 509 2889 in
540 2830 678 2889 montem
700 2825 852 2904 Aetnam,
883 2824 937 2905 qui
964 2822 1140 2889 altissimus
1166 2822 1198 2886 in
1222 2822 1342 2888 Sicilia·
1356 2843 1429 2890 esse

199 2992 212 3036 1
232 2988 370 3050 crysaorF
393 3003 448 3037 corr
465 2987 529 3034 Mic’
552 2986 562 3052 11
583 2965 735 3049 crysuorell
760 3002 816 3034 corr
832 2987 896 3035 Mic²
952 2988 965 3033 2
991 2987 1076 3048 gerion
1093 2987 1114 3033 F
1133 3002 1187 3034 corr
1204 2987 1267 3035 Mic⁸
1289 2984 1298 3054 11
1321 2993 1429 3036 ceterum

197 3088 276 3131 totum
294 3088 367 3143 caput
384 3084 432 3129 hue
449 3082 546 3129 illatum
563 3096 617 3130 esse
634 3083 758 3143 perspexit
775 3082 882 3129 Bursian
900 3082 946 3128 lIB
964 3081 1048 3128 XCIII
1065 3095 1089 3140 p.
1103 3084 1152 3129 114

266 3177 342 3241 {CLII
358 3175 470 3244 Typhon!
489 3179 538 3224 add
555 3178 670 3239 Micyllus
719 3181 733 3227 3
752 3181 845 3224 tartara
863 3176 883 3222 F
901 3178 933 3223 sl.
956 3180 1022 3222 terra
1038 3174 1096 3222 mie.
1114 3176 1130 3221 i.
1148 3189 1193 3233 m.‚
1218 3192 1248 3222 ac
1269 3175 1346 3223 Terra
1369 3177 1427 3242 (om.

197 3273 315 3320 Tartarus
340 3268 381 3333 ex)
404 3272 473 3319 schol
499 3271 560 3319 Stat.
579 3272 763 3320 Theonoen
782 3274 851 3331 put
873 3269 881 3335 11
901 3270 1040 3330 ttyphonem
1064 3268 1139 3315 mirae
1163 3269 1334 3328 munandans
1359 3271 1430 3318 schol

198 3368 339 3434 (immanem
360 3367 529 3426 magnitudine
552 3367 605 3414 cod.
624 3367 719 3414 Monac.
739 3365 816 3431 6396)
865 3368 880 3412 4
903 3366 1044 3425 spetIseque
1065 3364 1086 3409 F
1111 3378 1166 3411 corr
1190 3363 1277 3411 Oomm
1299 3364 1430 3424 sponteque

197 3465 340 3523 portentosa
352 3475 392 3508 om
410 3462 480 3509 schol
500 3459 509 3526 1
528 3468 587 3509 nata
600 3462 670 3510 schol
705 3463 719 3508 5
740 3459 777 3526 lacti
797 3461 818 3508 si
833 3461 903 3509 schol
921 3456 931 3525 11
951 3463 1044 3506 carmus
1056 3459 1077 3503 F
1088 3465 1190 3504 certum
1201 3458 1270 3506 schol
1312 3458 1327 3503 6
1346 3458 1430 3517 Quare

198 3558 308 3617 Iuppitcr
325 3571 349 3616 p.
367 3571 387 3603 c.
407 3557 423 3603 f.
448 3557 569 3616 percussit
595 3556 665 3604 schol
684 3552 694 3622 11
715 3555 804 3603 eiush*
827 3554 851 3600 ei
871 3553 940 3601 schol
961 3549 971 3618 11
993 3551 1033 3598 eui
1051 3552 1071 3598 ll
1095 3552 1137 3611 qai
1153 3552 1223 3600 schol
1243 3547 1253 3617 1
1275 3551 1430 3609 flagraretll

198 3667 253 3700 corr
270 3651 357 3699 comm
374 3651 444 3714 schol
487 3655 499 3700 7
520 3645 577 3698 etnd
593 3651 614 3696 F
632 3665 687 3698 corr
699 3650 799 3711 Comm3
816 3649 932 3709 flagraret
948 3647 1078 3694 AEthnam
1095 3647 1117 3695 ei
1135 3645 1341 3706 super-inposuit
1358 3650 1383 3693 ct
1400 3661 1430 3694 cx

198 3762 227 3795 eo
245 3746 333 3793 dicitur
350 3747 435 3793 ardere
454 3745 534 3793 adhue
551 3745 620 3793 schol

269 3841 324 3888 ‘hoc
341 3845 416 3901 eaput
431 3841 458 3887 in
475 3840 555 3886 indice
572 3855 622 3886 nou
640 3839 788 3886 numeratur'
807 3837 863 3883 Mic.
883 3835 898 3881 i.
917 3850 941 3882 m
961 3833 971 3899 11
992 3850 1048 3883 cum
1065 3840 1181 3894 sequente
1198 3833 1278 3893 capito
1303 3832 1328 3878 in
1353 3847 1431 3880 unum

198 3936 313 3996 coniungi
325 3936 393 3983 iubet
402 3936 507 3983 Bursian
520 3935 564 3980 IIB
577 3933 660 3981 XCIII
677 3949 699 3993 p.
713 3934 762 3981 174
810 3934 823 3979 9
843 3910 954 3977 Phuolon
972 3931 992 3975 I*
1011 3944 1065 3977 corr
1082 3928 1147 3976 ldie²
1196 3931 1227 3975 12
1247 3923 1371 3993 lincendiol
1389 3942 1429 3974 ur-

197 4029 253 4077 dere
271 4031 326 4077 coni
344 4027 369 4078 Σ
414 4033 444 4078 13
463 4029 577 4075 simulans
596 4043 620 4073 sc
636 4026 771 4073 Incendium
788 4025 839 4089 (vol
857 4023 965 4088 ‘ignem’)
983 4023 1041 4070 celle
1058 4024 1113 4070 coni
1131 4023 1236 4070 Bursian
1249 4017 1259 4087 11
1271 4020 1429 4080 exstinquere.

200 4123 289 4190 lqncurel
309 4122 334 4173 Σ
386 4126 416 4171 15
435 4123 574 4183 phaetontis
592 4123 612 4168 F
631 4136 685 4169 corr
702 4118 766 4166 Mser

269 4216 357 4282 {calu
368 4217 497 4264 deucalion
515 4221 539 4263 et
550 4213 648 4278 pyrrha!
666 4216 714 4261 add
727 4214 842 4274 Micyllus
860 4228 889 4261 ex
901 4213 982 4260 indice
999 4209 1056 4274 περὶ
1068 4208 1247 4274 κατακλυσμοῦ
1259 4210 1297 4256 ΙΙΙ
1315 4209 1348 4256 de
1363 4215 1430 4257 catu·

198 4312 340 4374 clysmolll
353 4312 486 4361 Dositheus
504 4325 528 4370 p.
541 4312 573 4359 66
591 4307 763 4368 Catuclyomus.
793 4306 862 4364 Quod
877 4307 1024 4354 coniBunte
1068 4307 1099 4352 18
1117 4306 1250 4353 humanum
1262 4305 1282 4351 ll
1322 4305 1352 4351 19
1371 4305 1431 4354 slis·

199 4406 275 4453 slmus
294 4406 314 4451 l*
338 4419 392 4453 corr
410 4405 430 4450 F
447 4406 500 4464 pl
520 4401 531 4470 1
556 4405 633 4452 verba
659 4404 709 4462 ‘qui
733 4404 759 4450 in
774 4434 784 4481 .‘
797 4435 822 4449 ..
841 4400 962 4462 fugerunt’
987 4401 1045 4448 olim
1068 4399 1127 4447 hine
1143 4399 1212 4447 illata
1234 4398 1379 4458 legebantur
1403 4399 1431 4447 in
