3098 4950
712 229 775 299 135

128 381 280 465 Dryantis
300 382 385 449 filius
408 383 533 450 obiecta
553 383 679 450 insania
709 403 729 449 a
750 383 866 449 Libero
886 383 958 465 ipse
985 401 1022 448 se
1042 381 1210 451 interfecit.
1253 382 1359 448 Maca·

127 512 202 559 reus
224 493 316 560 Aeoli
336 494 421 560 filins
443 500 575 578 propter
597 494 741 561 Canacen
765 513 907 561 sororem
929 495 964 560 id
986 498 1038 560 est
1059 510 1211 576 sponsam
1232 493 1302 576 ipse
1324 512 1359 559 se

127 603 296 671 interfecit.
341 605 457 689 Agrius
479 607 669 673 Parthaonis
698 606 783 699 filius
807 605 959 688 expulsus
986 625 1006 672 a
1032 624 1132 688 regno
1162 625 1182 672 a
1203 604 1358 671 Diomede

126 715 198 797 ipse
220 734 256 782 se
277 715 446 783 interfecit
489 718 633 784 Caeneus
655 717 742 782 Elati
767 716 904 783 filius**
925 717 996 799 ipse
1025 735 1061 782 se
1082 716 1248 782 interfecit.
1291 717 1358 782 Ma

127 845 265 895 noscens
293 829 435 895 Iocastes
465 834 559 910 pater
587 849 621 895 se
643 831 691 894 de
719 847 809 894 muro
838 827 1063 911 praecipitarit
1083 827 1200 893 Thebis
1226 825 1386 911 propterh

126 939 353 1020 pestilentiam.
396 939 494 1006 Nisus
517 939 632 1006 Martis
654 940 738 1006 filius
761 938 846 1006 crine
860 939 950 1006 fatali
974 939 1092 1004 amisso
1113 939 1184 1020 ipse
1207 957 1242 1004 se
1262 938 1359 1004 inter-

125 1050 210 1117 fecit.
253 1051 424 1133 Clymenus
440 1051 594 1117 Schoenei
615 1051 699 1117 filius
721 1071 777 1118 rex
793 1051 950 1117 Arcadiae
964 1051 1034 1134 ipse
1049 1069 1086 1116 se
1099 1049 1260 1116 interfecit
1274 1050 1359 1131 quod

127 1180 197 1228 cum
219 1161 286 1228 filia
308 1162 531 1228 concubuerat.
573 1162 707 1245 Cinyras
728 1162 831 1245 Paphi
852 1161 936 1228 filins
959 1181 1014 1228 rex
1035 1161 1252 1244 Assyriorum,
1274 1160 1359 1243 quod

126 1292 196 1339 cum
219 1273 355 1356 Smyrna
380 1271 448 1339 filia
468 1273 690 1340 concubuerat.
733 1274 888 1341 Hercules
910 1272 996 1340 Iovis
1018 1272 1102 1339 lilius
1127 1273 1198 1355 ipse
1228 1291 1302 1338 sese
1323 1272 1356 1337 in
1406 1324 1409 1333 .

125 1385 232 1468 ignem
254 1384 349 1450 misit
392 1384 552 1451 Adrastus
575 1389 607 1450 et
628 1384 818 1468 Hipponous
846 1385 915 1451 eius
936 1384 1021 1450 filius
1049 1383 1113 1467 ipsi
1134 1401 1171 1448 se
1197 1383 1230 1448 in
1251 1383 1357 1466 ignem
1367 1381 1407 1446 10

125 1495 268 1562 iecerunt
290 1515 328 1560 ex
342 1514 499 1578 responso
514 1496 681 1578 Apollinis.
725 1496 891 1579 [Pyramus
914 1496 947 1560 in
962 1495 1139 1578 Babylonia
1161 1495 1200 1560 ob
1217 1513 1357 1560 amorem

125 1608 262 1674 Thisbes
277 1608 346 1690 ipse
363 1627 398 1674 se
413 1607 538 1674 occidit.
581 1607 724 1690 Oedipus
738 1608 797 1673 Lai
812 1607 897 1673 filius
912 1612 1045 1690 propter
1059 1608 1208 1673 Iocasten
1223 1611 1356 1672 matrem
1432 1679 1435 1689 ¹

123 1718 253 1802 ipsese
276 1718 391 1785 occidit
412 1719 528 1785 ablatis
552 1719 671 1799 oculis]

395 1915 552 1982 CCXLIII
574 1917 663 1994 Quae
686 1934 722 1981 se
743 1914 834 1997 ipsae
855 1913 1083 1981 interfecerunt

209 2053 342 2120 Hecuba
363 2052 465 2119 Cissei
491 2051 559 2118 filia
586 2052 653 2118 sive
675 2051 843 2135 Dymantis
874 2071 953 2117 uxor
975 2050 1092 2117 Priami
1122 2051 1160 2116 iu
1183 2070 1286 2117 mare
1315 2070 1356 2117 se

123 2164 426 2249 praecipitavit,
447 2165 532 2229 unde
554 2183 687 2246 cyneum
710 2182 797 2229 mare
819 2168 869 2230 est
885 2163 1004 2228 dictum
1019 2161 1169 2245 quonism
1190 2162 1224 2228 in
1246 2181 1356 2228 canam
1367 2161 1408 2227 15

81 2261 85 2268 ¹
122 2276 229 2343 fuerat
256 2294 419 2341 conversa.
467 2275 525 2340 Ino
555 2274 666 2340 Cadmi
694 2272 762 2340 filis
790 2276 823 2338 in
851 2292 939 2339 mare
968 2291 1004 2339 se
1032 2273 1256 2356 praecipitavit
1286 2292 1356 2338 cnm
1473 2256 1475 2261 ’

123 2387 287 2453 Melicerte
307 2387 382 2452 filio.
426 2385 576 2467 [Anticlia
598 2385 745 2468 Autolyci
771 2384 838 2451 filia
865 2389 968 2450 mater
989 2383 1116 2466 Ulyssis
1138 2385 1253 2449 nuncio
1274 2384 1357 2449 falso

123 2498 234 2564 audito
257 2499 297 2563 de
319 2498 437 2580 Ulysss
458 2498 531 2580 ipsa
553 2515 588 2563 se
610 2496 778 2563 interfecit
821 2495 1026 2562 Sthenoboea
1047 2495 1168 2561 Iobatis
1192 2494 1259 2561 filia
1280 2515 1358 2560 uxor

124 2611 233 2677 Proeti
247 2614 379 2692 propter
393 2627 532 2675 amorem
548 2607 826 2690 Bellerophontis]
869 2608 1004 2673 Euadne
1019 2606 1170 2685 tPhilaci
1183 2605 1251 2672 filia
1264 2626 1357 2689 pro-

124 2727 213 2805 pter
233 2721 418 2805 Capaneum
440 2719 649 2802 coniugem
672 2719 725 2801 qni
748 2720 834 2801 apud
856 2717 983 2784 Thebas
1004 2719 1145 2800 perierat
1166 2720 1198 2783 in
1222 2719 1357 2784 eandem
1365 2721 1408 2787 20

124 2852 235 2916 pyram
265 2851 300 2898 se
330 2831 472 2899 coniecit.
515 2831 637 2897 Aethra
657 2830 777 2897 Pitthei
802 2829 870 2896 filia
896 2834 1029 2914 propter
1056 2828 1193 2895 filiorum
1222 2837 1356 2896 mortem

122 2945 196 3028 ipsa
217 2962 253 3011 se
267 2942 435 3010 interfecit
478 2942 630 3010 Deianira
645 2942 746 3008 Oenei
760 2942 827 3008 filia
841 2945 973 3024 propter
987 2941 1157 3007 Herculem
1174 2941 1356 3026 lconiugeml

123 3058 259 3138 decepta
281 3074 301 3121 a
315 3056 419 3120 Nesso
440 3055 526 3137 quod
542 3055 571 3120 ei
585 3054 725 3120 tunicam
739 3054 873 3119 miserat
891 3053 924 3117 in
939 3072 1003 3135 qua
1017 3052 1232 3136 conflagravit
1275 3053 1356 3118 Lao·

30 3199 33 3204 ·
125 3167 233 3233 damis
259 3165 380 3231 Acasti.
396 3164 464 3232 filia
489 3171 621 3249 propter
650 3164 843 3232 desiderium
872 3163 1042 3230 Protesilai
1070 3164 1186 3230 mariti.
1235 3164 1357 3246 Hippo·

126 3378 137 3423 1
158 3374 273 3422 interficit
289 3373 311 3419 Io
329 3388 384 3421 corr
401 3373 450 3422 sm
503 3375 517 3419 2
536 3372 565 3420 id
581 3380 615 3419 est
632 3372 743 3420 defendit
760 3371 889 3432 staveren,
906 3372 972 3420 idem
988 3373 1120 3419 voluerant
1136 3371 1254 3419 Bsrthius
1272 3375 1297 3419 et
1308 3370 1357 3418 sou

125 3469 160 3533 [id
183 3475 218 3516 est
240 3465 360 3534 sponsam]
383 3469 440 3517 secl.
458 3467 502 3514 Mn
526 3467 658 3528 legendnm
675 3480 734 3514 vero
760 3465 799 3531 leis*
821 3466 964 3528 desponsam
1021 3468 1169 3514 Alscunam
1194 3461 1357 3514 indicavit}

124 3563 275 3632 llmoenicus
291 3564 312 3611 y
328 3562 456 3610 menoetius
473 3561 558 3610 Misi.
571 3575 655 3609 mem.
675 3560 735 3608 Stsv
781 3561 912 3610 hatheuis
929 3563 950 3609 P
967 3576 1030 3611 corr.
1048 3560 1107 3608 Mic.
1126 3559 1141 3606 i.
1161 3574 1186 3606 m
1240 3559 1356 3608 scaenai

124 3661 144 3706 F
164 3658 238 3706 Oenei
246 3659 286 3705 Bu
303 3653 395 3706 εοιτΣ
437 3660 455 3717 81
471 3657 603 3718 cyuirusF
621 3671 676 3704 corr
688 3654 775 3704 Comm
791 3655 833 3716 (ef.
846 3655 994 3717 CCLXXV)
1006 3655 1147 3704 Nemesion.
1161 3657 1192 3702 26
1242 3657 1272 3702 12
1291 3655 1356 3702 ioca·

124 3754 225 3803 stemP
248 3767 304 3800 sorr
320 3751 360 3798 Bu
380 3748 391 3818 ΙΙ
411 3751 551 3812 thyspesll
574 3749 667 3811 thysbes
685 3750 772 3798 Comm
796 3749 894 3797 Tds'sdes
912 3749 1031 3799 Stenaren
1051 3747 1061 3816 ΙΙ
1086 3755 1193 3798 ceterum
1217 3763 1304 3796 vereor
1326 3764 1357 3797 ne

124 3838 203 3895 verba
219 3847 337 3905 &ramas
355 3881 362 3894 .
381 3881 386 3893 .
406 3881 412 3893 .
431 3846 506 3894 caudis
524 3846 674 3895 secludenda
690 3844 748 3905 slnt,
767 3845 808 3892 val
824 3849 925 3905 propter
942 3844 1091 3893 locutionem
1107 3843 1159 3904 ipse
1174 3857 1199 3890 ss
1216 3843 1305 3890 occidit

195 3944 226 3990 14
244 3941 399 3988 dimsntisll
424 3955 479 3988 corr
502 3941 546 3987 Mn
598 3943 629 3989 15
655 3954 774 4001 cynseum
797 3941 818 3986 F
840 3953 896 3987 corr
912 3939 956 3987 Mu
981 3940 1010 3987 ef.
1030 3938 1088 3986 CXI
1141 3941 1171 3986 ll
1193 3937 1356 3986 melicertoF

90 4094 92 4096 .
125 4038 203 4086 schol.
228 4035 290 4083 Stat.
315 4036 393 4084 Theb.
411 4036 435 4082 ΙΙ
461 4037 511 4084 383
534 4049 559 4095 p.
574 4037 653 4093 aas
678 4048 735 4083 corr
758 4034 801 4082 Mu
823 4031 833 4101 ΙΙ
859 4034 968 4082 ‘anticlia
993 4068 999 4080 .
1019 4068 1025 4080 .
1045 4070 1050 4081 .
1074 4032 1276 4093 bellerophontis’
1300 4037 1358 4080 unm

126 4131 231 4178 ‘Canace
249 4127 327 4177 Aeoli’
345 4129 477 4177 inserenda
494 4143 549 4176 esse
565 4128 629 4176 vidit
645 4126 671 4178 Σ
684 4125 694 4193 ΙΙ
707 4129 793 4177 nuntio
811 4131 831 4176 p
883 4133 914 4179 18
932 4127 1099 4178 stsmoboeuP
1116 4125 1256 4175 stheneboea
1270 4124 1357 4174 Comm

127 4228 158 4275 19
176 4225 285 4273 Philscls
302 4224 352 4272 feb.
365 4223 465 4271 CCLVI
475 4223 569 4285 Dahidis
581 4221 624 4270 Mu
666 4227 698 4274 20
716 4238 868 4285 aspamam
880 4225 901 4270 F
919 4238 973 4271 corr
986 4221 1073 4270 Corum
1120 4223 1151 4271 21
1169 4219 1264 4268 Aethra
1275 4221 1357 4268 locum

125 4318 257 4367 Alcestids's
281 4318 404 4366 invasisse
425 4318 523 4365 videtur
541 4315 566 4366 Σ
587 4315 597 4382 ΙΙ
617 4316 733 4377 pitheiP
758 4333 813 4366 corr
835 4318 879 4364 Mn
937 4320 969 4366 22
996 4313 1130 4384 leonispeml
1149 4312 1175 4364 Σ
1236 4317 1269 4364 24
1286 4316 1357 4376 desy-

126 4414 220 4462 derium
236 4414 257 4459 I⁴¹
275 4426 331 4460 corr
349 4411 436 4460 Comm
