3098 4950
660 162 665 171 ’
731 198 804 262 LVI

129 345 333 436 ,Καυκάσιμ
363 348 421 415 καὶ
440 344 611 437 ύπεβλῆθη
642 343 728 438 αύτῷ
751 344 858 431 ύετύς,
888 340 925 429 ὃς
952 349 994 417 τὰ
1022 346 1192 438 σπλάγχνα
1215 346 1315 418 αὐτοῦ
1347 347 1388 419 δι’

153 457 273 551 ῆμέρας
301 459 451 527 ἐδαπάνα
458 512 466 542 ,
498 460 610 540 νυκτὸς
631 460 668 528 δέ
696 458 798 528 πώλιν
827 456 1043 547 ἇνεγεννῶντο.
1099 467 1220 530 Τοῦτον
1242 456 1299 529 οὗν
1329 463 1391 530 τὸν

49 601 53 610 ·
156 566 326 660 ολετύν*,,,,

241 680 301 765 [ς’.]
321 681 441 770 mv&
455 679 615 750 κάλλιστα
631 689 687 772 τῆς
704 678 845 771 ὀπώρας,
870 679 963 763 ὅπως
978 683 1087 772 βλέπῃ
1102 682 1158 750 καὶ
1171 682 1217 773 μῆ
1231 681 1390 776 θιγγώνη.

241 792 300 876 [ζ’.]
322 791 407 880 Περὶ
434 790 587 883 Φιλύρας.

239 903 368 993 Κρόνος
387 903 455 971 Δία
476 907 626 995 πανταχῆ
649 907 749 993 ζητῶν
770 902 1011 996 μετεμορφώθη
1032 903 1080 984 εἰς
1101 907 1219 988 ἵππον,
1241 906 1300 972 καὶ
1324 915 1391 974 Φι-

154 1014 252 1100 λύραν
268 1011 421 1084 Ὠκεανοῖο
445 1017 611 1104 θυγατέρα
634 1014 745 1103 ἔγκυον
768 1015 929 1105 ἐποίησεν,
952 1013 1135 1083 καλέσειεν
1157 1015 1310 1107 Χείρωνα
1333 1019 1393 1086 τὸν

155 1129 347 1217 Κένταυρον,
371 1120 407 1207 ὃς
426 1132 558 1216 πρώτος
581 1128 725 1219 ἰατρικῆς
742 1126 923 1216 ἐπιστήμης
936 1126 1064 1218 εύρέτης
1082 1127 1216 1214 ἐγένετο.
1260 1128 1391 1220 Φιλύρα

155 1242 191 1308 δέ
212 1240 422 1328 αἰσχυνομένη
450 1241 505 1307 διαὶ
534 1240 591 1330 τῆν
613 1234 801 1329 ἀθεώρητον
827 1241 883 1305 τοῐ·
905 1237 1019 1306 τέκνου
1040 1238 1169 1329 μορφῆν
1190 1240 1280 1306 θεῶν
1303 1240 1392 1309 ἐλέει
1473 1300 1476 1305 .

154 1351 202 1432 εἰς
224 1350 392 1440 ὁμώνυμον
415 1352 549 1440 δένδρον
572 1345 698 1442 ῆλλοῖγη.

241 1462 300 1550 [η’.]
323 1462 408 1553 Περὶ
425 1458 616 1546 Ὀδυσσέως,
641 1466 644 1548 λ
669 1465 742 1542 πῶς
764 1457 904 1551 ῆδυνῆθη
928 1467 1081 1551 Σειρῆνας
1102 1463 1296 1552 παρελθεῖν.

241 1577 387 1665 Σειρῆνες
404 1568 566 1656 Ἀχελώοα
583 1574 639 1642 καὶ
656 1573 880 1661 Μελπομένης
896 1571 1033 1661 Μούσης
1056 1573 1231 1660 θυγατέρες
1253 1573 1311 1639 διὰ
1330 1575 1391 1664 τῆν

156 1685 304 1777 ἁρπαγὴν
320 1682 531 1775 Περσεφόνης
553 1687 732 1774 θρηνοῦσαι
754 1684 932 1774 κατέφυγον
954 1684 1039 1772 πρὸς
1060 1685 1185 1772 πέτραν
1204 1678 1389 1751 Ἀπόλλω·

155 1824 217 1879 νος,
239 1792 394 1864 κύοιεῖθεν
417 1795 597 1887 συμβουλίᾳ
616 1800 704 1864 θεῶν
720 1794 1022 1885 μετεμορφώθησαν
1042 1793 1089 1875 εἰς
1107 1791 1211 1885 ύρνεα,
1234 1797 1389 1884 κεφαλὰς

154 1906 254 1996 μόνον
276 1905 422 1991 ἔχουσαι,
455 1902 550 1973 κάκεῖ
572 1905 708 1998 ᾄδουσαι
729 1912 879 1990 κατεῖχον
899 1908 974 1986 τούς
1000 1906 1169 1986 πλέοντας.
1213 1910 1388 1977 Καταλει-

155 2023 298 2109 φθεῖσαι
325 2017 392 2085 ὑπὸ
419 2015 598 2098 Ὀδυσσέως
620 2017 760 2108 έῤῥιψαν
789 2017 906 2099 ἑαυτὰς
926 2017 975 2098 εἰς
995 2017 1171 2086 θάλασσαν
1199 2019 1256 2086 καὶ
1287 2012 1389 2088 ἀπώ-

155 2132 259 2199 stom.
283 2179 300 2218 ιι
323 2180 341 2218 ε
362 2179 379 2218 ιι
402 2180 459 2220 ε*
