3082 4950
773 220 880 297 XVIII

210 383 383 464 polatiouis
405 384 617 467 suspicionem
640 383 882 467 confugiendum
903 383 995 449 nobis
1019 387 1107 449 esset
1128 383 1189 449 nisi
1210 382 1293 448 forto
1315 383 1447 449 fortuna

212 495 423 561 demonstrari
437 501 558 577 posset,
579 496 721 563 ordinem
738 514 757 560 a
774 495 930 576 scriptore
944 494 1124 559 institutum
1141 493 1280 561 fortasse
1297 493 1446 561 loliomm

211 607 461 688 transpositione
490 607 652 671 turbatum
681 624 763 671 esse.
791 605 926 687 singulis
957 606 1040 671 enim
1069 605 1227 687 capitibus
1256 606 1288 670 in
1316 605 1447 687 singula

209 716 287 783 folia
309 718 354 782 sic
376 723 411 783 ut
433 717 544 782 tabula
565 717 722 799 praecipit
743 717 923 785 distributis

240 852 283 894 lr.
372 852 418 895 lv.
519 851 566 897 4r.
680 852 731 897 4v.

383 935 472 941 -—-—.
484 935 592 943 —-.-..
810 936 962 944 ——.
1024 936 1124 941 -...--.
1194 935 1290 940 -.--
1326 934 1445 941 ----

209 936 446 1027 [heusinger
501 969 586 1015 Thetis
627 967 780 1016 Stheneboea
827 968 932 1028 Smyrna
962 937 1082 1026 Sisyphus
1128 935 1238 1032 ,Em
1271 935 1433 1014 Amlromeda

351 1063 448 1109 Asterie
500 1062 587 1122 Tityus
802 1034 921 1129 {Phyllis
960 1040 1130 1141 Salmoneus}
1274 1061 1386 1121 Alcyone

554 1156 582 1167 ··
803 1140 805 1177 l

500 1156 598 1202 Busiris
802 1180 806 1253 Ι
961 1157 1031 1205 Ixion
1128 1172 1130 1207 l

1128 1212 1131 1249 Ι

209 1272 318 1337 statim
340 1273 392 1338 hic
412 1273 468 1338 fiet
486 1273 683 1354 singularum
705 1273 885 1339 fabularum
902 1274 994 1339 ordo:
1017 1272 1155 1338 Alcestis
1174 1271 1299 1352 Aegina
1314 1273 1443 1339 Asterie

207 1384 319 1450 Danae
347 1384 551 1451 Andromeda
579 1385 720 1466 Alcyone
741 1384 877 1466 Smyrna
898 1385 1034 1466 Phyllis:
1064 1383 1220 1464 Sisyphus
1252 1383 1443 1451 Salmoneus

207 1495 297 1561 Ixion
325 1496 435 1561 Thetis
463 1496 506 1574 (h.
525 1513 552 1561 e.
574 1495 755 1562 Promethei
781 1496 899 1577 aquila)
928 1496 1040 1577 'lityus
1068 1495 1193 1561 Busiris
1222 1493 1442 1575 Stheneboea;

208 1607 297 1672 cuius
320 1605 442 1671 ordinis
470 1625 533 1671 non
561 1606 642 1673 latet
663 1607 756 1673 ratio.
800 1608 1009 1689 Quotcunque
1038 1607 1122 1671 enim
1145 1606 1252 1687 capita
1272 1606 1442 1673 mulierum

207 1718 386 1783 nominibus
410 1724 487 1783 sunt
508 1717 663 1800 inscripta
690 1720 802 1801 paucis
825 1719 965 1800 exceptis
995 1718 1078 1783 enea
1105 1722 1246 1783 mutatas
1272 1734 1441 1799 corporum
1463 1702 1467 1713 ’

206 1827 325 1893 formas
348 1836 526 1910 versantur,
548 1849 680 1912 quorum
703 1849 778 1895 vero
800 1829 944 1894 mascula
966 1833 1041 1895 sunt
1062 1828 1190 1895 nomina
1213 1823 1440 1895 sceleratorum

94 1946 97 1950 ’
207 1939 294 2021 apud
314 1939 434 2006 interos
460 1947 493 2006 et
514 1941 574 2006 sub
597 1941 649 2006 dio
672 1959 792 2022 poenas
815 1940 1008 2006 describunt.
1052 1939 1192 2005 Alterius
1215 1939 1341 2020 generis
1364 1945 1442 2005 sunt

206 2050 275 2115 LII.
287 2051 336 2115 III
358 2051 494 2131 (Endon
516 2070 546 2133 p.
563 2052 621 2129 81)
643 2052 738 2117 LXV.
760 2052 866 2117 LVIII
889 2051 1084 2133 (Nemesiau.
1104 2051 1219 2132 Cyneg.
1237 2052 1295 2131 26)
1317 2051 1441 2117 LVIIII

206 2179 289 2243 quae
310 2159 450 2229 fortasse
472 2181 489 2226 e
511 2162 591 2227 libro
614 2162 721 2244 aliquo
739 2159 1025 2251 μεταμορφώσεων
1047 2164 1089 2230 ad
1109 2163 1274 2229 literarum
1295 2162 1441 2227 ordinem

207 2271 333 2352 digesto
355 2279 431 2337 sunt
458 2273 613 2353 delibata,
644 2274 775 2339 alterius
796 2275 862 2341 LX.
884 2275 982 2341 LXII
1004 2275 1086 2339 LXI.
1108 2274 1172 2339 LV.
1196 2274 1277 2338 LVI.
1321 2273 1441 2339 (lonce-

208 2383 322 2449 damus
344 2383 471 2465 quidem
493 2389 635 2467 oportet,
657 2404 714 2451 sex
736 2386 843 2467 capita
864 2387 906 2453 ad
928 2392 1074 2453 neutram
1095 2384 1247 2451 familiam
1269 2383 1440 2465 pertinere,

208 2495 267 2559 sed
293 2495 448 2561 secedunt
473 2501 581 2561 tamen
609 2497 704 2563 etiam
732 2498 811 2563 baec
839 2497 870 2563 in
899 2499 979 2563 duos
1007 2501 1170 2563 ternarum
1198 2493 1439 2561 historiolarum

207 2607 346 2687 ordines,
367 2625 500 2688 quorum
516 2606 610 2674 alberi
626 2608 703 2692 quid
719 2627 810 2679 auum
828 2609 932 2674 locum
948 2606 1158 2673 destinaverit
1176 2607 1271 2671 certis
1287 2605 1440 2671 affirmari

206 2724 315 2799 potest
329 2718 516 2783 ratIonibus.
539 2720 753 2786 consocianda
773 2720 856 2787 euim
879 2724 955 2785 sunt
976 2719 1055 2783 haec
1074 2718 1136 2783 tria
1155 2717 1263 2798 priora
1277 2717 1439 2785 XLVIIII.

207 2829 242 2892 L.
260 2829 313 2893 LI.
335 2829 559 2911 (Aesculapius
573 2830 729 2896 Admetus
745 2830 896 2909 Alcestis)
919 2834 952 2894 et
972 2829 1070 2895 LVII.
1092 2829 1205 2895 LXIII
1220 2829 1266 2893 IV
1288 2828 1439 2909 (Sthene-

206 2938 288 3003 boea
313 2943 347 3004 et
368 2939 579 3020 Bellerophon
602 2939 715 3005 Danae
735 2941 962 3021 Andromeda).
1006 2939 1163 3005 Theseide
1188 2939 1285 3020 igitur
1311 2937 1438 3019 lugubri

206 3049 372 3132 Hippolyti
393 3049 525 3114 interitu
548 3057 767 3119 consummata
788 3053 828 3131 (a
844 3052 992 3133 XLVIII)
1015 3051 1058 3115 ad
1079 3049 1317 3130 Aesculapium,
1342 3067 1437 3130 quem

205 3159 334 3227 sumunt
354 3161 408 3242 qui
424 3161 599 3243 Hippolyto
614 3162 712 3227 vitam
734 3163 915 3229 reddidisse
931 3162 1105 3242 traderent,
1126 3159 1229 3226 facilis
1245 3165 1315 3227 erat
1331 3165 1438 3227 trans-

205 3272 284 3354 itus,
305 3291 364 3338 nac
386 3270 544 3337 difficilior
565 3271 605 3337 ab
627 3273 819 3356 Aesculapio
842 3273 882 3339 ob
902 3273 937 3339 id
957 3271 1088 3339 fulmine
1109 3273 1172 3338 icto
1194 3273 1236 3337 ad
1255 3272 1436 3353 Apollinem

206 3382 377 3465 Cyclopum
400 3383 572 3449 occisorem
601 3384 732 3465 eiusque
761 3386 846 3466 apud
869 3386 1040 3451 Admetum
1069 3381 1242 3449 Alcestidis
1270 3382 1436 3464 coniugem

205 3494 365 3575 hospitale
392 3494 565 3561 servitium.
595 3494 691 3562 etiam
720 3496 971 3577 mytbographus
1000 3495 1174 3561 Vaticanus
1205 3492 1326 3575 primus
1355 3493 1436 3558 Ite

205 3607 303 3688 pli,
325 3606 366 3671 22
389 3605 595 3671 historiarum
617 3606 758 3673 ordInem
781 3607 915 3675 eundem
937 3625 1010 3675 esse
1031 3607 1139 3672 voluit.
1168 3624 1231 3687 qua
1252 3605 1285 3669 in
1307 3621 1435 3670 recum

205 3715 246 3781 ab
267 3716 386 3799 Hygiui
409 3718 600 3785 auctoritate
621 3716 764 3800 profecto
794 3736 857 3783 non
879 3720 1033 3800 pendeat,
1062 3719 1121 3783 sed
1150 3722 1289 3783 veterem
1311 3714 1435 3796 mytho-

203 3827 396 3911 graphorum
418 3848 537 3895 morem
559 3834 690 3895 secutus
707 3827 863 3908 videatur,
884 3834 1021 3910 apparet
1037 3846 1101 3892 non
1116 3828 1210 3893 modo
1233 3845 1305 3893 eum
1321 3825 1435 3905 locum,

204 3958 298 4023 quem
320 3940 426 4020 capita
446 3940 645 4006 XLIX—LI
671 3946 747 4021 post
774 3945 955 4005 enarratam
977 3939 1092 4005 Thesei
1112 3937 1253 4004 fabulam
1280 3936 1435 4016 obtinent,

205 4069 226 4117 a
246 4070 333 4116 more
349 4051 503 4117 maiorum
519 4051 636 4117 babere
651 4053 897 4129 excusationem,
919 4052 977 4116 sed
993 4050 1090 4116 etiam
1112 4049 1258 4115 consulto
1274 4046 1432 4128 capitibus

203 4161 298 4228 XLV.
317 4162 369 4227 VI
388 4166 463 4227 ante
478 4162 598 4227 XLVII
612 4162 835 4244 (Hippolytus)
852 4179 925 4227 esse
940 4163 1043 4227 locum
1062 4179 1257 4239 concessum,
1279 4177 1342 4241 quo
1356 4157 1434 4223 faci-

203 4272 266 4339 lius
287 4277 414 4355 pateret
433 4272 600 4355 Hippolyti
625 4292 696 4339 cum
717 4273 908 4354 AesculapIo
930 4272 1040 4352 nesus,
1063 4271 1112 4336 cui
1134 4290 1246 4353 regum
1261 4270 1433 4335 Athenien-

204 4382 286 4451 sium
312 4384 447 4451 Indicem
474 4402 502 4451 c
520 4383 654 4451 XLVIII
683 4388 836 4449 insertum
866 4384 917 4448 vix
947 4384 1120 4465 quidquam
1149 4382 1275 4448 officere
1304 4380 1432 4447 dixeris.
