3082 4950
728 235 808 300 XIII

151 390 279 474 aliquod
301 394 394 456 tenor
416 407 455 456 eo
472 408 575 471 usque
594 392 741 455 servatus
759 386 972 469 interciditur,
993 391 1030 451 ut
1050 391 1198 452 narretur
1219 385 1328 453 fabula
1346 386 1386 452 de

151 521 230 584 apro
252 501 433 584 calydonio,
454 501 670 568 Aetolicarum
691 499 784 566 facile
806 498 1021 579 nobilissima,
1043 498 1295 579 (CLXXI—V),
1323 515 1386 579 quo

149 613 235 679 facto
264 613 374 679 statim
402 613 436 678 in
459 631 484 678 c.
505 612 680 679 CLXXVII
708 613 749 677 ad
777 611 889 677 Inachi
915 616 1062 693 posteros
1092 610 1246 675 orationis
1274 627 1387 674 cursus

150 723 335 790 reflectitur.
366 742 404 790 ac
431 726 471 790 de
493 725 643 806 Lycaone
672 723 799 805 quidem
821 730 854 788 et
875 721 1022 801 Callisto,
1052 721 1208 787 Arcadica
1229 720 1388 787 Phoronei

151 835 318 919 prosapia,
340 854 402 918 quo
426 835 568 901 strictius
591 835 729 915 dixerat,
753 853 791 899 eo
812 833 982 916 prolixiore
1004 832 1213 914 amplitudine
1234 851 1314 898 usus
1337 838 1388 899 est
1496 820 1501 829 ’

150 946 183 1012 in
205 945 381 1013 referendis
405 966 513 1013 eorum
535 950 737 1029 posterorum
758 944 912 1025 fortunis,
934 944 987 1026 qui
1011 963 1030 1009 a
1051 944 1151 1025 Libye
1173 945 1299 1027 Epaphi
1320 943 1388 1011 filia

151 1058 221 1124 Beli
250 1064 283 1124 et
303 1059 462 1141 Agenoris
485 1063 587 1123 matre
617 1056 742 1123 oriundi
772 1058 889 1139 partim
912 1056 1024 1122 Danao
1046 1054 1117 1119 Beli
1145 1054 1211 1121 filio
1237 1056 1388 1139 prognati

153 1172 194 1236 ad
223 1171 412 1252 Argivorum
441 1169 582 1234 fabulam
609 1168 785 1251 pertinent,
814 1168 996 1249 Persenque
1026 1165 1161 1232 Abantis
1193 1172 1226 1233 et
1249 1167 1389 1234 Hercule

152 1282 262 1348 Persei
284 1281 496 1363 abnepotibus
515 1281 740 1360 inclaruerunt,
762 1279 879 1361 partim
894 1278 1014 1344 Cadmo
1038 1283 1070 1344 et
1086 1279 1217 1360 Europa
1232 1279 1388 1360 Agenoris

150 1392 226 1458 filiis
249 1392 328 1458 editi
350 1393 475 1458 radices
498 1391 625 1474 quidem
648 1397 782 1473 egerunt
803 1390 919 1456 Thebis
946 1389 1040 1472 inque
1062 1390 1158 1456 Creta
1178 1390 1298 1470 insula,
1329 1390 1388 1455 sed

150 1503 344 1569 ramosiores
367 1504 443 1569 facti
466 1503 566 1568 altero
590 1501 717 1568 surculo
740 1507 794 1581 (-
815 1504 873 1567 Ino
897 1502 967 1567 dico
983 1501 1187 1567 Athamantis
1210 1502 1388 1583 coniugem)

152 1615 358 1681 Aeolidarum
379 1619 506 1697 gentem
528 1613 698 1696 attingunt,
720 1613 822 1678 altero
841 1613 992 1693 (Minoem
1016 1613 1086 1679 dico
1104 1614 1253 1696 Europae
1275 1612 1387 1693 filium)

150 1727 268 1793 laetius
291 1725 510 1791 efflorescente
532 1725 658 1791 Atticae
679 1724 828 1790 fortunae
849 1723 1027 1790 obfuerunt.

237 1837 410 1919 Perspecto
432 1837 496 1902 iam
517 1835 657 1919 penitius
680 1835 905 1918 mythographi
927 1835 960 1901 in
982 1836 1079 1902 rebus
1097 1837 1292 1903 adornandis
1316 1855 1389 1903 uon-
1459 1866 1462 1876 ·

153 1949 234 2031 silio,
254 1968 317 2016 non
334 1953 442 2031 potest
464 1948 647 2030 ambiguum
664 1966 745 2028 esse,
767 1966 862 2029 quem
877 1947 910 2013 in
925 1947 1031 2012 locum
1047 1947 1155 2030 capita
1172 1948 1301 2014 sedibus
1321 1949 1388 2015 suis
1453 2020 1457 2025 ,

152 2065 239 2126 mota
262 2059 748 2140 (CXXXVIII—CLXXXIth
777 2058 958 2124 revocanda
988 2059 1061 2124 siut.
1090 2077 1223 2125 exorsus
1251 2065 1302 2126 est
1323 2061 1389 2143 Hy·

152 2162 246 2252 ginus
269 2171 457 2253 opusculum
479 2189 572 2236 suum
595 2190 614 2235 a
636 2171 741 2252 capita
764 2170 970 2252 genealogica
994 2171 1061 2235 sive
1083 2170 1256 2254 theogonia
1279 2172 1388 2237 nescio

152 2282 270 2364 quain
293 2282 472 2365 compendii
494 2281 627 2348 formam
649 2283 795 2363 redacta,
824 2301 920 2364 quae,
948 2281 976 2346 si
998 2286 1171 2347 extremam
1195 2283 1264 2349 eius
1287 2284 1387 2366 parti·

152 2394 255 2460 culam
277 2413 297 2459 a
318 2394 425 2460 verbis
444 2397 493 2459 ‘ex
515 2393 587 2459 Sole
603 2443 610 2458 .
626 2443 633 2458 .
650 2391 667 2459 .'
688 2393 892 2475 incipientem
913 2393 1039 2474 privato
1061 2393 1093 2457 ni
1115 2393 1210 2459 failor
1232 2394 1387 2476 epitoma·

151 2505 231 2571 toris
261 2504 393 2570 consilio
423 2509 538 2586 postea
567 2504 732 2570 traiectum
763 2504 941 2585 exceperis,
971 2504 1003 2568 in
1027 2503 1172 2569 Sirenum
1194 2505 1326 2570 Acheloi
1354 2511 1392 2595 et

152 2617 371 2699 Melpomenes
399 2633 510 2680 musae
535 2613 673 2680 filiarum
695 2615 915 2697 genealogiam
946 2613 1122 2680 desinebat.
1152 2634 1225 2681 mox
1251 2616 1387 2699 primam

151 2727 225 2794 libri
245 2732 371 2809 partem
402 2727 482 2791 satis
504 2724 643 2791 ieiunam
670 2725 787 2808 excipit
815 2725 918 2791 altera
944 2725 1045 2790 multo
1074 2725 1245 2808 copiosior,
1276 2747 1296 2793 a
1324 2747 1388 2810 qua

151 2857 235 2905 nunc
257 2838 317 2904 toti
339 2837 494 2920 opusculo
514 2836 744 2903 fabularum
772 2856 886 2903 nomen
910 2841 961 2902 est
981 2837 1133 2919 inditum,
1162 2838 1285 2905 duabus
1308 2844 1388 2906 tme-

152 2957 274 3016 matum
289 2948 440 3015 centuriis
455 2949 636 3015 universam
652 2949 784 3015 deorum
795 2948 989 3030 heroumque
1003 2947 1144 3015 fabulam
1158 2950 1388 3034 perstringens

151 3062 241 3126 Haec
263 3080 338 3126 vero
360 3079 436 3144 pars
461 3065 568 3125 utrum
589 3060 717 3143 integra
739 3061 781 3126 ad
803 3078 862 3126 nos
884 3060 1080 3143 pervenerit,
1102 3080 1143 3127 an
1165 3068 1257 3144 parte
1280 3061 1388 3144 aliqua

152 3171 295 3254 corporis
319 3176 477 3253 huncata,
499 3190 539 3238 ne
554 3171 734 3253 quaesitum
756 3171 883 3253 quidem
906 3176 958 3237 est
972 3171 1013 3236 ab
1028 3172 1214 3254 editoribus,
1237 3174 1294 3239 sed
1316 3192 1387 3238 cum

153 3284 301 3350 viderent
326 3282 529 3349 Athamantis
558 3282 740 3349 Themistus
766 3287 799 3347 et
819 3282 928 3347 Phrixi
948 3282 1122 3365 Hellesque
1142 3284 1211 3350 fata
1237 3284 1387 3368 deinceps

152 3394 310 3475 enarrari,
341 3393 489 3460 arbitrati
518 3399 593 3460 sunt
616 3394 735 3477 Hygini
764 3394 952 3476 opusculum
974 3395 1181 3461 Aeolidarum
1201 3397 1387 3478 progenIem

151 3507 286 3589 primam
309 3506 370 3572 sibi
391 3506 616 3571 illustrandam
638 3505 832 3587 sumpsisse,
856 3506 938 3586 sive,
963 3507 1049 3587 quod
1071 3507 1183 3572 eodem
1205 3505 1272 3573 fere
1293 3509 1388 3591 redit,

151 3619 338 3702 scriptorem
354 3617 561 3700 argonautica
576 3617 793 3700 expositurum
816 3636 841 3682 c.
857 3609 1098 3683 xH-xxvll
1114 3618 1279 3703 (XXVIII)
1295 3640 1387 3703 prae-

150 3731 281 3797 fationis
302 3730 372 3795 loco
395 3747 420 3795 c.
435 3729 535 3794 I—V
554 3729 594 3794 de
610 3728 702 3794 Aeoli
716 3728 817 3810 stirpe
839 3747 922 3810 quae
938 3728 1066 3810 quidem
1085 3728 1147 3794 huc
1162 3730 1323 3812 pertinere
1341 3733 1388 3797 vi-

152 3843 304 3908 derentur
319 3839 533 3923 praemisisse.
572 3840 670 3922 Atqui
685 3839 746 3905 hac
761 3839 909 3922 opinione
925 3839 1002 3905 nihil
1019 3859 1128 3906 avero
1144 3842 1236 3907 abest
1250 3842 1387 3926 longius,

152 3953 270 4036 quippe
290 3970 373 4033 quae
400 3951 539 4033 capitum
561 3951 709 4016 VI—XI
730 3951 850 4017 nullam
872 3952 968 4034 plane
989 3951 1146 4018 rationem
1167 3953 1294 4020 habeat.
1322 3955 1386 4020 imo

152 4063 346 4144 muliercula,
368 4062 419 4128 cui
440 4081 498 4145 per
519 4066 657 4144 quatuor
677 4060 743 4127 ista
764 4063 872 4144 capita
893 4062 1016 4145 primae
1038 4062 1233 4144 deferuntur,
1257 4065 1314 4130 Ino
1337 4070 1388 4132 est

154 4173 265 4240 Cadmi
278 4174 416 4239 filiarum
438 4178 554 4255 quarta
568 4179 683 4255 postea
697 4173 729 4238 in
752 4173 830 4239 deas
845 4174 949 4239 relata
971 4181 1005 4239 et
1019 4179 1122 4239 mater
1137 4174 1262 4240 Matuta
1278 4178 1387 4259 appel·

152 4286 227 4351 lata.
256 4285 352 4351 huius
382 4285 435 4367 qui
458 4285 581 4351 scelera
603 4291 810 4350 enarraturus
839 4267 919 4351 eratw
935 4285 1041 4351 facere
1064 4303 1142 4351 sane
1164 4305 1228 4350 non
1250 4293 1388 4373 poterat,

153 4398 227 4487 qum
250 4397 454 4463 Athamantis
477 4397 574 4464 etiam
595 4395 689 4462 Aeoli
709 4394 783 4476 filii,
813 4397 863 4462 cui
885 4401 1061 4478 nupserat,
1076 4396 1219 4463 infausta
1241 4399 1387 4485 coniugia
