3082 4950
748 212 806 278 LV

194 362 197 367 ’
232 364 299 447 ’[ἀ.]
321 367 389 431 Νῦν
409 359 561 452 ἀρξωμαι
579 356 648 430 ἀπὸ
665 367 810 430 Μουσῶν
822 359 974 451 γράφειν·
997 360 1109 431 Κλειὼ
1123 360 1282 454 κιθάραν·
1305 364 1388 450 μετδ
1475 405 1480 413 ·

158 474 291 564 Πιέρου,
315 471 467 564 ἐγεννήθη
483 471 663 561 Ὑμέναιος.
708 468 857 562 Εὐτέρπη
874 472 1071 562 τραγῳδίαν·
1093 476 1176 562 μετὰ
1196 472 1389 565 Στρυμόνος,
1422 550 1424 557 ς

162 582 316 676 ἐγεννήθη
346 583 467 655 Παιάν.
521 582 644 652 Θοίλεια
673 583 859 673 κωμῳδίαν.
903 587 1107 674 Μελπομένη
1138 585 1287 674 ψαλμόν·
1320 582 1394 672 μετ’“

155 690 336 780 Ἀχελωίου,
361 694 576 786 ἐγεννήθησαν
599 697 754 785 Σειρῆνες.
778 696 782 783 Ι
817 693 1004 785 Τερψιχόρη
1025 692 1142 776 αύλοδς
1163 698 1247 785 μετὰ
1265 706 1389 767 Ποσει-

160 809 272 891 δῶνος,
290 805 444 898 ἐγεννήθη
459 804 645 895 Εῦμολπος.
672 801 791 896 Ἐρατώ
804 804 963 893 κιθάραν·
985 807 1068 894 μετὰ
1081 802 1283 893 Ἀκταίονός,
1301 811 1389 898 ἐγεν-

162 916 246 1009 νήθη
271 917 428 1008 Θάμυρις.
473 917 645 1007 Πολύμνια
668 917 779 1008 λύραν·
802 919 885 1005 μετὰ
899 915 1110 1007 Ἡρακλέους,
1132 918 1286 1011 ἐγεννήθη
1311 930 1390 1011 Τρι-

161 1028 337 1117 πτόλεμος.
401 1025 542 1119 Ούρανία
579 1026 812 1119 ἀστρολογίαν·
853 1029 937 1117 μετὰ
970 1028 1199 1113 Ἀπόλλωνος,
1238 1030 1390 1122 ἐγεννήθη

159 1147 280 1222 Λῖνος.
325 1138 502 1230 Καλλιόπη
525 1140 671 1232 ποίησιν·
693 1143 776 1229 μετὰ
804 1138 959 1228 Οἰοίγρου,
985 1140 1139 1231 ἐγεννήθη
1157 1137 1302 1232 Ὀρφεύς.

247 1250 311 1340 [θὶ]
337 1254 428 1320 Θεῶν
449 1247 593 1340 ὀνόματα
617 1251 674 1339 ιγῦ·

151 1360 271 1455 Ἥρα,Ι
799 1359 937 1451 Ἀθηνᾶ,

152 1473 271 1558 Ἑστία,
796 1472 967 1564 Ἄρτεμις,

160 1587 342 1669 Ποσειδῶν,
801 1582 917 1674 Λητώ,

158 1695 274 1786 ’Ἀργει
795 1695 918 1786 Ἑομῆς,

160 1807 330 1899 Δημήτρα,
797 1802 984 1890 Ἀπόλλων,

156 1915 348 2010 Ἀφροδίτη,
801 1916 892 1999 Ζεύς.

247 2030 305 2119 Ιγ’.]
321 2028 423 2100 Ἑπτὰ
445 2029 572 2114 ζωδίων
592 2029 726 2123 ήμέραι·
750 2032 767 2122 Η
811 2066 816 2074 ·

160 2140 292 2231 Κρόνου
314 2140 350 2226 ζ,
795 2138 911 2231 Ἑρμοῦ
933 2142 970 2224 δ,

152 2251 269 2322 Ἡλίου
291 2252 331 2338 α’,
803 2250 887 2332 Διός
908 2250 940 2336 ε’,

163 2363 299 2455 Σελύψε
319 2361 359 2452 ί,
796 2359 997 2453 Ἀφροδίτας
1019 2362 1048 2447 ς’

147 2474 274 2564 ’Ἀρεος
294 2473 331 2564 γ’,

247 2585 310 2676 [δ’.]
332 2584 468 2654 Ζωδίων
490 2585 535 2672 ιβ’
556 2579 703 2671 ὀνόματα
724 2588 808 2671 μετὰ
830 2583 1016 2676 ἐξηγήσεως.

244 2696 365 2786 Κριός,
394 2695 445 2766 ότι
469 2697 572 2788 πηγήν
601 2691 691 2787 εὗρεν
716 2693 943 2786 ὁδοιποροῦντι
966 2694 1127 2786 Διονύσῳ.
1176 2701 1301 2790 Ταῦρος
1322 2699 1389 2770 ῦπδ

160 2811 370 2889 Ποσειδῶνος
398 2816 445 2900 τῷ
466 2810 528 2878 Διῒ
553 2805 772 2898 συνεχωρήθη,
803 2805 853 2877 ὅτι
881 2806 1028 2876 διάνοιαν
1049 2803 1261 2901 ἀνθρωπίνην
1289 2809 1390 2896 ἔσχεν.

161 2918 303 3008 Δίδυμοι
333 2919 497 3011 Ἡρακλής
525 2919 582 2988 καὶ
614 2919 752 3008 Θησεύς,
786 2918 901 3007 ἐπειδή
933 2917 1170 3009 ὁμοιοτρόποις
1201 2917 1390 3013 ἀθλήμασιν

160 3031 316 3118 ἐγένοντο.
359 3031 534 3122 Καρκίνος,
558 3029 609 3100 ότι
630 3029 706 3118 μεθ’
721 3029 920 3118 Ἡρακλέους
941 3027 1042 3121 ῦδραν
1062 3030 1212 3122 ἔσφαξεν.
1244 3035 1349 3104 Λέων
1370 3034 1389 3105 ό

161 3147 308 3230 Νεμαῖος
328 3141 438 3233 γνιύμη
451 3139 556 3232 Ἥρας
574 3141 762 3232 [Ηρακλήςχ
784 3133 822 3208 ὃν
843 3139 985 3231 ἔσφαξεν
1000 3142 1170 3234 Ἡρακλῆς.
1212 3148 1390 3235 Παρθένος

155 3249 314 3342 Ἠριγόνη,
335 3251 407 3344 ήτις
421 3255 603 3344 σφαγέντος
617 3260 674 3322 τοῦ
688 3252 816 3343 πατρός
833 3250 946 3344 ἐαυτήν
960 3249 1094 3323 ἀνεῖλεν.
1126 3256 1230 3343 Ζυγδς
1245 3256 1390 3327 κελεύσει

155 3359 352 3453 Ἀρτέμιδος
375 3370 379 3452 J
399 3361 539 3454 Ὠρίωνα
560 3363 718 3455 ἐσῳαξεν,
749 3356 786 3432 ὃν
814 3364 832 3432 δ
855 3363 936 3444 Ζεύς
959 3360 1116 3455 ήθέλησεν
1140 3363 1389 3455 ἀναγεννῦοθαι.

164 3473 307 3565 Τοξότης
329 3472 426 3556 αὐτὸς
454 3477 537 3564 μετα
559 3483 623 3544 τῶν
645 3477 792 3545 Μουσῶν
814 3470 993 3568 ἀνετράῳη·
1024 3476 1151 3564 ἐλέγετο
1173 3479 1210 3547 δέ
1232 3479 1389 3570 Κρότων·
1440 3552 1442 3556 ,

159 3581 254 3667 οὗτος
268 3586 390 3674 ἐγένετο
406 3583 534 3678 εὐφυής.
573 3585 777 3675 Αίγόκερως,
801 3582 852 3653 ὅτι
872 3594 1011 3678 Τυφῶνα
1026 3586 1179 3678 ἔσφαξεν.
1216 3587 1391 3682 Ὑδροχόος

160 3692 255 3778 οὗτος
276 3696 389 3779 παίσας
414 3699 529 3783 τέχνας
550 3696 621 3791 ᾔδει
649 3698 707 3766 καὶ
728 3693 926 3787 ἀνθρώπους
954 3698 1113 3784 ἐδίδαξεν.
1152 3695 1279 3784 Ἰχθύες
1301 3699 1390 3773 οῦτοι

162 3804 225 3878 ὧον
245 3809 329 3896 μέγα
352 3809 388 3877 ἐκ
404 3815 460 3900 τής
474 3808 648 3902 θαλάσσης
666 3809 874 3903 προήνεγκαν,
897 3808 977 3880 ὅθεν
993 3810 1132 3901 ἐξῆλθεν
1149 3810 1168 3902 ή
1185 3813 1285 3904 Συρία
1300 3813 1389 3901 θεός,

159 3917 231 4012 ήτις
253 3917 405 4011 ἐμήνυσεν
425 3916 619 4013 ἀνθρώποις
641 3919 703 3991 ὅσα
725 3925 810 3991 καλά
832 3919 878 4014 ήν.

246 4031 302 4117 [ε’.]
325 4032 410 4124 Περὶ
431 4034 650 4124 Προμηθέως.

246 4144 446 4235 Προμηθεύς
475 4151 541 4234 πῦρ
570 4146 700 4233 κλέψας
729 4141 784 4213 ἀπ’
818 4141 967 4236 ούρανοῦ,
1000 4143 1131 4233 κρύψας
1162 4143 1210 4225 εἰς
1239 4143 1390 4235 νάρθηκα

159 4251 348 4346 κατήνεγκεν
369 4250 576 4347 ἀνθρώποις,
601 4257 657 4324 καὶ
679 4255 833 4348 ἐμήνυσεν
855 4251 969 4336 αῦτοδς
990 4262 1097 4345 τηρεῖν
1120 4256 1168 4336 εἰς
1190 4256 1246 4346 τήν
1267 4255 1389 4342 κονίαν,

161 4361 201 4435 δι’
229 4359 267 4457 ἣν
294 4362 403 4436 αἰτίαν
425 4367 508 4448 Διὸς
536 4366 746 4449 κελεύσαντος
771 4368 934 4457 κατεδέθη
963 4364 1029 4435 ύπδ
1051 4365 1167 4457 Ἑρμοῦ
1190 4369 1228 4456 M!
1259 4367 1293 4435 ἐν
1320 4363 1389 4459 ῦρει
