3082 4950
751 210 794 278 55

660 452 749 518 XXV
771 451 886 519 Medea
942 524 943 528 Ι
969 512 972 516 .

241 585 358 652 Medea
374 585 517 672 Aeleltae
539 593 571 655 et
585 587 713 674 idylilae
734 587 802 654 filia
823 606 894 653 curn
917 606 955 653 ex
975 588 1092 653 Iasone
1113 586 1177 651 iam
1198 585 1282 652 filios
1304 586 1388 651 Mer-

155 713 277 761 merum
294 698 308 782 Ι·
323 706 354 761 et
387 698 556 764 Plueretenr
581 707 793 782 procreasset
818 719 1003 782 saturnoque
1023 697 1204 762 eoncordia
1227 699 1387 776 uiuerent,
1459 772 1465 783 ‚

155 804 364 892 obiciebatur
379 812 410 874 ei
426 810 582 876 bominem
603 818 669 874 tara
680 811 802 895 tortora
821 831 862 874 ao
876 809 1055 894 formosum
1076 830 1117 872 aa
1131 807 1268 872 nobilem
1287 808 1292 893 Ι
1308 829 1388 875 uuo·

154 936 223 982 rear
241 919 401 984 aduenam
418 929 514 1005 atquae
529 919 705 1005 ueneficam
721 921 850 985 tubere.
874 921 946 984 tario
968 918 1094 1006 Ureoril
1114 920 1285 983 Meaoeeei
1299 916 1388 1003 sitires

156 1047 224 1092 reu
255 1028 440 1096 Corinthius
468 1031 573 1116 uittam
601 1053 693 1096 aram
722 1034 878 1096 minorent
913 1031 1059 1096 Glaucea
1089 1031 1179 1096 dedit
1206 1029 1210 1115 Ι
1240 1023 1416 1094 adoreas

158 1139 279 1205 Medea
301 1163 371 1205 eum
393 1143 475 1207 uidit
500 1165 555 1222 se,
582 1163 663 1228 aaa
682 1142 829 1207 Iasonem
848 1142 927 1207 bene
949 1149 1139 1220 merentem,
1171 1148 1265 1206 tauta
1284 1140 1288 1224 Ι
1312 1161 1387 1205 eou-

155 1253 288 1316 tametio
310 1274 380 1318 esse
404 1253 558 1338 affectam
582 1274 738 1320 eoronam
764 1275 805 1318 ea
829 1254 960 1319 uenenis
983 1252 1065 1336 lecit
1089 1272 1224 1317 auream
1247 1251 1386 1336 eamque}

156 1365 282 1428 maraem'
303 1363 392 1448 filios
414 1386 489 1431 suros
505 1368 598 1431 iussit
619 1364 783 1431 noueram
807 1365 900 1430 dure.
950 1362 1075 1428 Oreusu
1093 1383 1224 1428 aereaere
1242 1363 1388 1448 aeleepto

155 1494 226 1539 eura
248 1474 366 1541 Iasone
389 1484 420 1540 et
442 1475 582 1541 Creonte
604 1476 831 1562 anaslayrauit.
871 1474 1000 1563 'Medea
1019 1475 1074 1539 ubi
1098 1477 1223 1559 reqiam
1242 1475 1246 1558 Ι
1265 1473 1388 1538 audere

155 1586 237 1650 uidit
259 1594 356 1652 natos
380 1609 455 1652 suos
474 1609 515 1652 ou
535 1587 652 1653 Iasone
672 1587 871 1652 Mortuerum
891 1593 923 1651 et
944 1584 1112 1650 Pboretem
1135 1588 1220 1650 inter·
1236 1590 1240 1671 Ι
1256 1585 1340 1669 fecit
1355 1593 1386 1650 et
1397 1580 1437 1645 10

151 1696 304 1783 prosuyit
329 1698 496 1763 Curiatio.

590 1893 714 1960 XXVI
736 1895 858 1960 Medea
882 1895 957 1959 aaut

242 2031 364 2096 Medea
388 2029 545 2097 Corintho
568 2032 645 2095 earet
665 2031 808 2096 Atianos
834 2032 880 2096 ad
899 2031 1040 2115 Aequum
1062 2029 1242 2095 Pandionis
1260 2029 1265 2116 Ι
1283 2029 1386 2114 fitium

155 2142 283 2207 deuenit
299 2145 334 2206 in
349 2143 520 2226 lrospitiuur
539 2145 631 2227 elque
647 2145 766 2226 erepsit.
790 2164 831 2207 ea
848 2163 887 2207 eo
905 2149 1000 2207 autres
1016 2149 1064 2206 est
1080 2143 1084 2226 Ι
1101 2141 1224 2207 Medus
1267 2142 1386 2208 Postea

154 2254 306 2320 sacerdos
328 2253 452 2320 Dianae
475 2255 623 2320 Medeam
649 2255 813 2337 exagitare
840 2253 946 2336 eoepit
970 2253 1101 2335 regique
1127 2252 1268 2335 negabat
1293 2271 1387 2320 saera

153 2370 244 2432 easta
268 2364 375 2432 lauare
396 2383 493 2447 posse
516 2384 553 2431 eo
576 2366 661 2447 qnod
682 2365 715 2431 in
736 2385 776 2432 ea
798 2365 927 2431 eivimte
949 2368 1039 2430 esset
1059 2363 1173 2429 mulier
1193 2363 1334 2430 venefica
1354 2369 1436 2434 etro

151 2477 319 2544 scelerata
349 2481 426 2542 tune
447 2476 562 2542 iterum
578 2477 733 2542 exulatur.
776 2476 893 2542 Medea
910 2474 1043 2542 antem*
1063 2474 1180 2541 iunctis
1196 2475 1386 2542 draconibus

150 2589 192 2656 ab
222 2589 356 2655 Athenis
383 2587 517 2654 Colchos
545 2588 644 2654 redit:
675 2605 758 2670 qnae
788 2589 821 2653 in
850 2572 964 2654 itinere
993 2586 1183 2655 Absoridem
1212 2587 1301 2652 venit
1330 2586 1385 2653 ubi

149 2698 250 2766 frater
264 2699 423 2782 Absyrtus
446 2699 592 2781 sepultus
608 2705 687 2765 erat.
716 2699 760 2765 ibi
778 2698 963 2764 Absoritani
978 2698 1173 2780 serpentium
1188 2698 1385 2763 multitudini

150 2811 304 2879 resistere
329 2830 392 2877 non
415 2815 572 2893 poterant.
616 2808 732 2877 Medea
753 2814 860 2876 autem
882 2809 924 2876 ab
947 2808 994 2875 eis
1015 2814 1130 2892 rogata
1150 2809 1251 2875 lectas
1275 2829 1331 2876 eas
1351 2811 1384 2876 in

150 2921 309 2989 tumidum
337 2921 446 2988 iratus
477 2922 626 3005 romoalt,
655 2940 738 3005 quae
768 2923 872 2988 adhue
899 2921 944 2988 ibi
965 2926 1236 3003 epermanenues,
1264 2921 1292 2988 si
1321 2941 1385 3006 qua
1393 2927 1436 2992 20

152 3038 258 3100 autem
280 3039 371 3100 extra
393 3033 549 3100 tumulum
572 3034 636 3102 exit
657 3033 800 3100 debiturn
819 3039 955 3100 naturae
973 3032 1137 3115 persolvit

220 3301 292 3349 XXV
309 3297 367 3364 aspi
385 3296 501 3365 μηδείας.
528 3300 559 3348 do
582 3300 668 3349 medea
685 3299 820 3348 Dositheus
838 3315 862 3361 p.
875 3303 907 3349 67
960 3302 973 3347 1
993 3303 1063 3347 aetas
1080 3298 1101 3346 F
1119 3313 1158 3347 em
1176 3298 1263 3346 Gomm
1284 3295 1294 3364 ΙΙ
1312 3300 1385 3363 idyao

151 3398 172 3445 F
191 3411 246 3445 eurr
263 3395 306 3444 Mu
327 3391 338 3461 Ι
356 3409 493 3443 marearum
510 3395 530 3442 F
548 3410 603 3444 eorr
620 3394 676 3444 Mio.
694 3395 710 3442 i.
729 3409 754 3442 m
772 3391 783 3461 Ι
803 3409 818 3441 a
835 3410 896 3443 voee
912 3407 946 3454 aa
963 3405 1090 3440 neuneu
1107 3393 1194 3455 incipit
1211 3394 1303 3443 eodiois
1320 3396 1385 3456 frag·

151 3498 262 3541 mentum
308 3495 323 3540 b
342 3503 466 3539 rennuere
484 3491 561 3538 oodex
578 3490 599 3536 F
617 3504 681 3537 eorr.
694 3489 751 3537 Min.
762 3490 778 3537 i.
791 3505 816 3536 m
867 3492 882 3538 3
901 3499 1079 3537 omcmuannn
1096 3487 1173 3536 oodox
1190 3487 1384 3548 obijciebaturF

154 3585 322 3656 'trouuosvu
341 3618 368 3633 ..
387 3598 506 3634 reomau
523 3585 600 3633 endu
623 3599 679 3632 eum
701 3585 775 3633 litura
796 3583 823 3631 in
840 3598 890 3645 qua
911 3583 957 3631 iuuit
974 3595 1008 3631 na
1059 3583 1212 3633 annuatur
1235 3585 1313 3634 codex
1329 3600 1385 3635 eurr

151 3732 195 3780 Mu
247 3731 386 3780 dennuni
404 3731 481 3779 eodex
498 3731 611 3792 glauoem
627 3730 649 3776 F
667 3729 775 3778 Quaen
792 3730 831 3776 Bu
882 3678 1053 3779 susurrante
1077 3731 1155 3778 andex
1177 3732 1306 3780 muensF
1329 3749 1384 3782 oorr

151 3826 269 3875 Boethius
290 3822 301 3893 ΙΙ
320 3837 409 3885 naua3
436 3825 512 3873 eodex
563 3824 837 3874 8r1nrossnos1ussru
860 3825 938 3873 codex
959 3825 1031 3874 iussit
1055 3825 1120 3874 filios
1137 3839 1196 3874 suos
1212 3827 1234 3872 F
1252 3822 1263 3894 ΙΙ
1283 3824 1384 3876 canusa

152 3922 230 3970 codex
255 3922 351 3970 mooun
373 3919 440 3967 idom
497 3922 512 3968 9
536 3918 650 3983 Creonta]
675 3921 744 3968 Nouo
768 3920 1026 3981 Formenl.1p.150
1045 3915 1056 3987 ΙΙ
1079 3932 1284 3969 cousentaneum
1307 3923 1384 3971 eodox

152 4016 245 4065 uorrF
299 4017 332 4063 10
348 4025 495 4063 monnau
511 4026 545 4061 uu
561 4025 686 4062 sumana
711 4015 824 4063 eudoxi*
850 4029 905 4062 aare
922 4014 979 4062 Mle.
998 4028 1022 4061 m
1043 4013 1054 4080 ΙΙ
1073 4014 1104 4062 ei.
1128 4019 1178 4064 vet.
1202 4015 1384 4077 interuenit.

151 4109 216 4158 Ibid.
235 4113 293 4170 601,
311 4125 335 4172 p.
347 4112 399 4158 tii
417 4109 455 4157 ed.
473 4108 569 4157 Merkel

222 4207 254 4252 lt
273 4203 383 4252 menna
401 4203 478 4252 eodax
531 4207 562 4253 13
581 4201 697 4250 nannum
715 4203 792 4251 andex
845 4203 877 4250 16
896 4202 1016 4250 mudum
1032 4203 1053 4251 it
1067 4203 1152 4263 Lange
1169 4218 1195 4264 p.
1208 4205 1238 4252 61
1257 4203 1385 4252 eedatm

152 4298 250 4362 [Medea
274 4299 362 4361 auum]
384 4299 412 4346 ia
436 4314 509 4346 earm
530 4296 618 4345 tundis
642 4296 698 4343 eoni
723 4295 749 4346 Σ
810 4300 841 4348 l't
866 4312 913 4358 quo
937 4297 963 4344 ia
987 4294 1064 4364 Subit
1088 4295 1243 4358 Absyrtidem
1260 4332 1267 4346 .
1285 4334 1292 4346 .
1310 4333 1316 4346 .
1333 4296 1384 4346 Aa

154 4392 270 4452 rumitant
285 4393 349 4441 oeni.
367 4393 411 4441 Mu
428 4407 477 4442 reo.
494 4393 534 4440 Bu
585 4395 618 4441 20
633 4397 773 4453 ammonuit
789 4377 833 4439 Mu
844 4391 1050 4453 pemaaenteo**
1068 4390 1093 4442 Σ
