3082 4950
167 394 195 411 b·

777 215 819 281 87

603 453 674 520 XCI
696 454 877 521 Alexander
899 453 990 519 Paris

240 625 241 628 π
269 589 415 656 Priamus
430 589 657 657 Laomedontis
678 589 764 656 filius
787 609 857 655 cum
880 590 1059 672 complures
1081 589 1199 655 liberos
1222 589 1353 656 haberet
1376 608 1414 655 ex

185 700 354 765 concubitu
375 702 526 768 Hecubae
548 701 651 768 Cissei
680 702 747 767 sive
768 701 936 784 Dymantis
964 700 1084 785 filialel,
1112 719 1192 766 uxor
1213 701 1280 767 eius
1302 720 1413 783 pras·
1517 700 1520 717 '

183 829 312 891 gneus
333 811 366 877 in
389 813 496 894 quiete
510 813 591 878 vidit
613 831 649 878 se
663 813 764 878 facem
781 812 945 878 ardentem
964 831 1086 893 parere,
1108 831 1146 876 ex
1161 830 1225 893 qua
1246 816 1412 894 serpentes

182 921 337 1003 plurimos
368 925 480 988 exisse.
515 923 547 988 id
578 923 680 989 visum
712 923 856 990 omnibus
887 922 1118 990 coniectoribus
1149 941 1219 988 cum
1249 929 1412 989 narratum

183 1040 279 1114 esset,
300 1034 459 1115 imperant
480 1035 629 1116 quicquid
644 1042 773 1117 pareret
796 1039 934 1115 necaret,
955 1052 995 1099 ne
1016 1033 1050 1098 id
1072 1032 1197 1116 patriae
1212 1035 1307 1100 exitio
1322 1030 1442 1101 soreth

181 1143 356 1225 Postquam
377 1145 510 1211 Hecuba
530 1146 656 1227 peperit
678 1145 907 1226 Alexandrum,
929 1147 1025 1211 datur
1044 1143 1290 1211 interficiendus.
1318 1164 1413 1227 quem
1434 1167 1438 1172 ·

182 1255 340 1321 satellites
367 1256 584 1322 misericordia
614 1262 842 1339 exposuerunt,
873 1261 967 1338 [eum]
997 1260 1145 1338 pastores
1172 1275 1231 1338 pro
1260 1273 1319 1322 suo
1346 1256 1412 1321 filio

181 1372 342 1448 repertum
373 1367 551 1450 expositum
581 1369 758 1434 educarunt
784 1386 918 1450 eumque
945 1368 1052 1434 Parim
1078 1367 1331 1433 nominaverunt.
1379 1367 1411 1433 Is

181 1496 253 1542 cum
282 1479 323 1545 ad
354 1478 506 1560 puberem
537 1484 675 1545 aetatem
704 1478 906 1561 pervenisset
934 1478 1045 1544 habuit
1071 1484 1198 1544 taurum
1225 1479 1257 1544 in
1280 1478 1411 1544 deliciis.

181 1590 345 1667 Quocum
375 1589 532 1655 satellites
559 1590 651 1655 missi
680 1609 699 1656 a
727 1590 853 1656 Priamo
882 1596 918 1654 ut
947 1594 1073 1655 taurum
1100 1589 1214 1672 aliquis
1237 1591 1412 1656 adduceret
1420 1585 1462 1650 to

181 1699 358 1782 venissent,
379 1701 434 1783 qui
454 1702 486 1767 in
510 1701 597 1766 athlo
619 1701 744 1766 funebri
766 1702 851 1783 quod
875 1701 903 1766 ei
917 1700 1015 1767 fiebat
1037 1706 1216 1783 poneretur,
1239 1708 1411 1784 coeperunt

180 1811 307 1877 Paridis
330 1816 457 1878 taurum
479 1813 647 1878 abducere.
674 1813 728 1894 qui
749 1817 938 1894 persecutus
962 1818 1012 1878 est
1034 1831 1089 1878 eos
1111 1817 1144 1878 et
1164 1812 1327 1895 inquisivit
1348 1833 1410 1895 quo

179 1943 252 1988 eum
274 1925 435 1989 ducerent.
464 1923 511 1988 illi
539 1923 684 1989 indicant
714 1942 750 1988 se
780 1942 851 1993 eum
881 1924 923 1990 ad
953 1924 1112 1989 Priamum
1143 1924 1303 1990 adducere
1331 1923 1410 2007 *qui

179 2034 311 2100 vicisset
332 2034 417 2101 ludis
438 2035 623 2101 funebribus
647 2035 828 2100 Alexandri.
860 2035 914 2101 ille
936 2054 1044 2101 amore
1073 2036 1223 2101 incensus
1252 2035 1336 2101 tauri
1359 2034 1409 2101 sui

180 2146 346 2212 descendit
367 2145 400 2210 in
419 2151 579 2212 certamen
595 2152 627 2211 et
642 2147 749 2211 omnia
763 2145 847 2226 vicit,
867 2146 984 2212 fratres
999 2165 1124 2228 quoque
1146 2164 1221 2213 suos
1238 2146 1409 2229 superavit
1419 2141 1460 2206 15

177 2257 350 2340 indignans
370 2257 556 2339 Deiphobus
579 2257 720 2339 gladium
736 2258 777 2322 ad
794 2276 865 2322 eum
881 2256 1024 2336 strinxit;
1046 2262 1080 2322 at
1097 2257 1151 2322 ille
1165 2257 1196 2322 in
1216 2277 1304 2324 aram
1323 2259 1408 2324 Iovis

178 2368 294 2434 Hercei
323 2368 454 2434 insiluit.
498 2369 591 2447 Quod
619 2386 690 2433 cum
712 2367 896 2433 Cassandra
924 2367 1150 2434 vaticinaretur
1177 2387 1248 2434 eum
1278 2369 1409 2435 fratrem

179 2498 267 2561 esse,
289 2479 434 2545 Priamus
457 2499 529 2546 eum
551 2479 683 2562 agnovit
704 2478 857 2560 regiaque
877 2479 1008 2561 recepit.

584 2675 673 2742 xcss
694 2675 819 2741 Paridis
841 2674 993 2741 iudicium

263 2813 359 2894 Iovis,
381 2830 452 2878 cum
467 2812 577 2879 Thetis
593 2812 689 2878 Peleo
707 2812 851 2894 nuberet,
873 2812 916 2878 ad
931 2805 1058 2894 epulum
1075 2811 1189 2878 dicitur
1204 2831 1314 2878 omnes
1329 2812 1409 2879 deos‘

176 2943 371 2992 convocasse
393 2929 527 3006 excepta
542 2924 639 2990 Eride
657 2924 692 2989 id
715 2930 765 2990 est
779 2924 956 2991 Discordia.
979 2942 1062 3006 quae
1084 2942 1154 2989 cum
1169 2929 1284 3007 postea
1298 2943 1408 3007 super·
1415 2924 1459 2990 20

176 3037 319 3103 venisset
333 3055 392 3102 nec
407 3035 628 3102 admitteretur
649 3037 691 3102 ad
707 3036 834 3118 epulum
857 3035 897 3101 ab
912 3036 1010 3101 ianua
1024 3035 1111 3100 misit
1131 3035 1164 3100 in
1180 3035 1319 3102 medium
1341 3055 1408 3102 ma·

175 3149 250 3230 lum,
273 3148 349 3215 dicit
370 3165 452 3231 quae
475 3153 564 3213 essct
577 3146 810 3213 formosissima
831 3146 999 3212 attolleret.
1042 3147 1123 3210 Iuno
1139 3147 1247 3212 Venus
1263 3147 1408 3213 Minerva

174 3260 309 3326 formam
331 3259 392 3325 sibi
414 3258 576 3325 vindicare
597 3263 779 3341 coeperunt.
807 3257 993 3338 intorques
1015 3275 1132 3339 magna
1154 3257 1314 3323 discordia
1335 3263 1406 3324 orta

174 3449 263 3512 metus]
287 3463 350 3497 corr.
367 3446 393 3499 Σ
443 3444 600 3514 Ethionome]
625 3461 672 3494 em.
691 3446 746 3494 Sch.
798 3444 906 3508 Polipes]
931 3459 978 3493 em.
997 3445 1133 3494 Salmasius
1184 3445 1282 3493 Pola'ctoa
1299 3447 1362 3495 coni.
1380 3445 1405 3497 Σ

174 3544 303 3606 Palemon]
330 3558 377 3592 om.
401 3542 536 3591 Salmasius
597 3538 736 3607 Gorgition]
764 3555 810 3589 em.
836 3539 878 3586 liu
939 3541 971 3588 25
989 3539 1089 3602 Atreus]
1112 3553 1158 3587 em.
1183 3541 1263 3588 Bunte
1322 3541 1406 3605 (mins)

173 3641 232 3689 add.
250 3637 276 3688 Σ
327 3636 487 3699 Demosthea]
512 3649 573 3683 corr.
592 3634 618 3685 Σ
669 3635 799 3696 Dorioops]
825 3649 873 3682 em.
891 3634 1011 3681 Muncker
1062 3634 1211 3696 Hippassus]
1231 3650 1275 3683 em.
1294 3635 1405 3685 Comme·

174 3735 240 3783 linus
291 3728 447 3797 Hiperiscus]
475 3746 537 3779 corr.
562 3728 588 3779 Σ
640 3731 753 3779 honnus
769 3730 799 3777 ci.
824 3727 850 3778 Σ
901 3727 1064 3790 Aromachus]
1089 3743 1135 3779 am.
1158 3728 1239 3777 Bunte
1291 3731 1405 3793 Hilagus]

174 3826 285 3876 Accusat
304 3826 334 3875 ci.
352 3825 377 3876 Σ
428 3825 621 3891 Hippotrochns]
640 3840 686 3873 em.
704 3826 785 3872 Bunte
837 3822 977 3885 Diophitss]
997 3835 1044 3870 em.
1062 3822 1182 3871 Munclrer

243 3925 258 3970 2
276 3923 329 3969 filia
345 3922 367 3968 P
384 3935 440 3968 corr
456 3920 500 3968 illu
521 3917 531 3986 ΙΙ
551 3934 691 3980 praegnans
708 3919 776 3979 Virg.
794 3918 856 3966 Aen.
874 3917 923 3964 VII
940 3918 989 3966 320
1006 3917 1076 3965 ‘haec
1092 3932 1119 3965 sa
1136 3917 1215 3966 facem
1232 3933 1319 3980 parere
1336 3919 1406 3967 vidit'

173 4017 243 4066 Serv.
262 4019 279 4064 l.
290 4032 310 4063 c.
359 4019 373 4064 3
393 4004 582 4079 σπὶ,ν2ῆρας
600 4013 655 4062 coni
675 4010 701 4063 Σ
749 4016 772 4061 7.
788 4015 803 4061 8
823 4011 975 4073 ‘expositum’
993 4015 1050 4072 post
1068 4011 1139 4061 ‘aum’
1156 4013 1213 4061 trai.
1230 4015 1319 4062 Nauck
1337 4015 1405 4077 [cam]

172 4111 304 4173 exposa'tmn
323 4117 436 4172 pastores
460 4110 516 4157 coni
533 4106 558 4158 Σ
583 4108 614 4156 cs.
633 4106 679 4154 ΟΠ
731 4111 745 4156 9
765 4106 894 4155 delitiisF
917 4121 972 4154 corr
990 4105 1078 4154 Comm
1130 4109 1161 4156 10
1186 4107 1253 4167 qaod
1272 4125 1325 4156 cum
1342 4110 1405 4156 coni.

174 4206 263 4253 Nauck
282 4206 368 4253 deesse
385 4204 467 4265 potius
486 4203 584 4251 videtur
602 4201 695 4262 ahquid
719 4207 776 4263 post
798 4199 908 4249 ‘deliciis'
926 4215 946 4248 e.
960 4215 982 4248 c.
1006 4200 1032 4247 ia
1049 4201 1097 4248 Ida
1119 4210 1197 4251 monta
1255 4205 1285 4251 13
1303 4202 1340 4261 ci,
1365 4203 1409 4262 qui

173 4300 230 4348 coni
246 4298 325 4346 Barth
378 4302 410 4347 1s
429 4298 468 4360 ad]
488 4298 605 4346 adoneae
622 4297 671 4344 Mic
725 4300 755 4345 17
774 4296 872 4344 heroaei
889 4295 910 4342 F
928 4309 983 4343 corr
1000 4295 1043 4342 Mu
1105 4299 1107 4303 '

244 4397 275 4442 22
295 4391 399 4452 dicitque
417 4391 480 4452 Soh,
505 4393 535 4439 of.
555 4390 623 4438 XCV
642 4389 754 4438 ‘subiecit
778 4395 802 4437 et
819 4388 862 4437 ait'
915 4390 946 4439 23
970 4390 1102 4440 vendicare
1120 4391 1141 4438 P
1159 4389 1258 4454 Comm,
1285 4405 1340 4440 corr
1357 4389 1406 4440 doh
