3082 4950
753 211 813 277 101

468 451 586 516 CXIIII
607 410 720 516 Achiui
742 452 795 533 qui
815 455 892 533 quot
914 449 1098 516 occiderunt

167 588 305 654 Achilles
328 606 459 654 numero
495 589 614 653 LXXII
806 586 994 652 Antilochus
1015 605 1100 651 nuru.
1215 585 1247 649 II

166 699 363 765 Protesilaus
379 718 463 764 num.
548 700 613 765 IIII
805 697 962 763 Peneleus
984 716 1069 762 num.
1216 697 1247 760 II

165 812 348 894 Eurypylus
370 829 454 876 num.
596 811 612 875 I
797 809 888 880 ¹Aian
910 808 992 874 Oilei
1014 827 1098 874 num.
1142 807 1246 873 XXIV

165 923 271 987 Thoas
293 942 346 988 nu.
581 922 614 986 Π
808 921 919 986 LeItus
942 939 993 985 nu.
1186 919 1245 983 XX

164 1035 396 1117 Thrasymedes
419 1052 503 1098 num.
581 1034 613 1098 II
1402 1025 1424 1089 5

163 1147 380 1227 Agamemnon
397 1164 482 1210 num.
536 1145 612 1210 XVI
804 1143 976 1208 Diomedes
999 1160 1082 1206 num.
1138 1142 1246 1207 XVIII

162 1257 329 1322 Menelaus
532 1257 611 1323 VIII
804 1255 984 1321 Philocteta
1003 1272 1088 1318 num.
1197 1254 1246 1318 III

161 1368 321 1433 Meriones
343 1387 426 1433 num.
549 1368 611 1433 VII
803 1366 939 1448 Ulysses
961 1384 1044 1429 num.
1182 1365 1245 1429 XII

162 1479 353 1543 Idomeneus
376 1498 460 1543 num.
533 1478 610 1542 XIII
803 1478 965 1542 Leonteus
988 1494 1072 1540 num.
1215 1477 1244 1542 V

163 1590 243 1654 Aiax
265 1590 468 1655 Telamonius
490 1608 574 1655 num.
596 1589 735 1654 XXVIII

164 1701 331 1767 Patroclus
354 1721 439 1766 num.
535 1702 612 1766 LIII
804 1699 998 1781 Polypoetes
1020 1718 1104 1764 num.
1227 1699 1243 1762 I

161 1814 282 1878 Teucer
302 1831 386 1878 num.
523 1813 613 1877 XXX
803 1809 1033 1893 Neoptolemus
1198 1811 1242 1874 VI

804 1922 857 1986 Fit
877 1939 1029 1987 numerus
1076 1921 1243 1987 CCCLXII

465 2094 548 2161 CXV
569 2094 698 2161 Troiani
722 2094 776 2176 qui
797 2097 875 2197 quot
896 2092 1081 2159 occiderunt

156 2234 278 2298 Hector
292 2251 423 2297 numero
464 2232 569 2297 XXXI
591 2231 771 2297 Alexander
781 2242 865 2295 num.
953 2230 1001 2295 III
1025 2229 1191 2325 Sarpedon
1213 2248 1297 2293 num.
1357 2229 1389 2293 II

158 2344 323 2409 Pentheus
341 2363 424 2408 num.
507 2344 571 2408 IIII
593 2343 757 2424 Gargesus
778 2361 862 2407 num.
968 2343 1001 2406 Π
1023 2341 1162 2406 Glaucus
1178 2358 1309 2405 numero
1324 2341 1438 2405 111115

156 2455 347 2536 Polydamas
359 2473 442 2519 nuru.
516 2455 565 2519 ΙΙΙ
588 2457 712 2519 Aeneas
721 2472 853 2519 numero
862 2453 1001 2519 XXVIII
1022 2450 1206 2533 Deiphobus
1226 2469 1309 2514 nuru.
1325 2450 1389 2514 IIII

156 2566 267 2648 Clytus
289 2585 375 2629 num.
518 2566 566 2630 III
588 2568 724 2630 Acamas
746 2583 830 2629 num.
980 2564 996 2628 I
1018 2565 1147 2645 Agenor
1168 2580 1252 2626 num.
1353 2561 1387 2626 II

155 2678 208 2742 Fit
229 2695 381 2742 numerus
400 2677 595 2743 LXXXVIII
1339 2679 1343 2687 '

629 2845 730 2912 CXVI
751 2844 909 2928 Nauplius

238 2984 297 3050 Ilio
321 2989 414 3067 capto
443 2990 474 3051 et
497 2983 601 3050 diuisa
627 2986 749 3066 praeda
771 2983 875 3050 Danai
904 3001 974 3048 cum
997 2982 1125 3048 domum
1151 2983 1305 3063 redirent,
1336 2981 1385 3047 ira

154 3097 285 3162 deorum
307 3095 488 3178 quodiana
511 3096 728 3178 spehaverant
755 3078 790 3161 et
816 3095 901 3177 quod
924 3094 1137 3160 Cassandram
1160 3095 1241 3160 Aiax
1262 3096 1435 3163 Locrus20

137 3227 173 3272 a
195 3209 287 3290 signo
302 3208 443 3290 palladio
458 3207 651 3289 abripuerat,
672 3210 865 3288 tempestate
888 3210 920 3270 et
935 3204 1063 3271 flatibus
1087 3205 1231 3271 adversis
1248 3207 1289 3270 ad
1305 3224 1384 3270 saxa

153 3319 320 3403 Capherea
340 3318 542 3402 naufragium
564 3318 723 3397 iecerunt3
745 3317 777 3382 in
795 3335 859 3399 qua
876 3320 1070 3398 tempestate
1085 3316 1167 3381 Aiax
1183 3317 1304 3380 Locrus
1323 3315 1384 3380 iul-

153 3430 237 3495 mine
267 3435 317 3495 est
339 3450 359 3496 a
380 3432 524 3496 Minerva
544 3430 643 3510 ictae,
672 3448 765 3511 quem
787 3428 902 3494 fluctus
932 3430 974 3494 ad
997 3446 1075 3493 saxa
1095 3427 1269 3508 IIIIserunt,
1297 3429 1383 3493 unde

151 3541 260 3607 Aiacis
281 3548 392 3624 petrae
420 3548 496 3607 sunt
518 3542 631 3607 dictae.
661 3539 802 3621 c[a]eteri
830 3545 926 3606 noctu
954 3558 1024 3605 cum
1049 3539 1145 3605 fidem
1167 3541 1299 3605 deorum
1325 3539 1383 3604 inr-

151 3652 329 3736 plorarent,
363 3653 520 3748 Nauplius
551 3652 673 3719 audivit
704 3651 868 3734 sensitque
897 3657 1024 3734 tempus
1055 3652 1171 3719 adesse
1201 3652 1242 3717 ad
1272 3671 1394 3734 perse.

219 3825 316 3873 CXIIII
334 3826 422 3874 Graeci
438 3832 499 3888 quot
515 3827 657 3875 oeciderunt
674 3827 749 3875 Index
767 3824 777 3894 ll
797 3827 916 3874 intactum
934 3827 1023 3887 reliqui

220 3920 287 3967 CXV
305 3922 349 3982 qui
365 3936 404 3968 om
422 3922 495 3970 index
541 3923 663 3970 Numerus
677 3925 827 3972 Graecorum
845 3922 877 3970 ab
889 3922 1031 3970 Alexandro
1044 3921 1185 3982 Sarpedone
1202 3923 1381 3984 Polydamanta

151 4019 287 4063 Acamante
298 4016 412 4076 Agenore
430 4017 565 4065 occisorum
583 4033 638 4064 cum
655 4018 779 4066 homerico
796 4018 882 4065 Iliadis
899 4017 1024 4064 convenit.
1058 4017 1197 4064 Pantheum
1209 4017 1308 4078 Clytum
1320 4016 1381 4082 (Cli-

149 4117 202 4158 tum
227 4111 290 4160 ooni.
308 4109 361 4174 Mu)
381 4109 518 4172 Gargasum
536 4112 659 4160 Homerus
681 4112 785 4172 ignorat.
821 4113 943 4159 Numerus
966 4112 1065 4159 Aeneae
1088 4111 1227 4172 adsumptus
1244 4112 1381 4160 Hectoreus

150 4211 199 4266 est3
219 4208 315 4253 Aeneas
339 4205 365 4252 in
383 4206 462 4253 Iliade
484 4220 532 4253 non
557 4207 613 4267 plus
631 4220 673 4254 sex
698 4207 825 4255 oceiditll
845 4207 901 4255 542.
921 4208 969 4254 542
988 4207 1011 4252 N
1030 4208 1077 4254 541
1097 4205 1119 4253 0
1139 4208 1196 4256 332.
1216 4208 1264 4254 332
1288 4206 1378 4256 Parc.

150 4301 238 4349 Glauci
257 4301 330 4349 etiam
342 4315 457 4350 numerus
469 4301 597 4363 Hygineus
607 4301 739 4349 Homerico
757 4301 854 4349 duobus
871 4305 909 4348 est
920 4299 1006 4359 maior,
1023 4300 1082 4348 item
1094 4300 1219 4362 Deiphobi
1262 4304 1292 4351 16
1312 4305 1380 4354 atha·

148 4409 202 4443 mas
220 4395 241 4442 F
259 4410 320 4443 corr.
340 4394 383 4442 Mu
437 4399 467 4444 l'l
486 4395 536 4443 iruo
554 4395 698 4442 LXXXVII
