3082 4950
793 212 837 276 60

204 358 368 425 immolato
389 362 518 444 hospite
539 370 691 432 venturos
712 365 847 447 imbres,
867 365 1098 450 promissisque
1118 365 1213 432 fidem
1231 364 1304 447 ipse
1324 365 1439 432 immo-

202 470 289 536 latus
312 472 463 540 exhibuit

628 700 649 735 a
662 675 751 740 LVII
774 673 974 740 Stheneboea

287 808 501 892 Bellerophon
518 829 589 876 cum
606 810 648 876 ad
669 810 820 876 Proetum
836 829 945 893 regem
963 811 1037 875 exul
1049 809 1083 875 In
1100 810 1274 892 hospitium
1290 812 1439 879 venisset

204 921 373 986 adamatus
395 928 446 988 est
468 922 508 988 ab
529 940 628 987 uxore
650 922 719 987 eius
735 921 943 988 Stheneboea
964 921 1019 1003 qui
1041 939 1112 987 cum
1132 923 1341 989 concumbere
1363 943 1438 991 cum

173 1035 243 1100 bea
264 1033 435 1113 noluisset,
456 1033 513 1098 illa
533 1034 602 1098 riro
625 1051 683 1098 suo
706 1033 839 1098 mentita
860 1037 911 1099 est
932 1052 968 1099 se
990 1032 1030 1099 ab
1053 1052 1090 1099 eo
1113 1035 1347 1115 compellatum
1390 1039 1438 1102 At

202 1143 339 1209 Proetus
361 1165 397 1212 re
418 1146 530 1210 audita
551 1144 742 1226 conscripsit
762 1143 899 1210 tabellas
928 1145 970 1209 de
992 1163 1030 1210 ea
1059 1164 1095 1212 re
1117 1149 1150 1211 et
1171 1147 1270 1212 mittit
1295 1166 1369 1212 eum
1391 1151 1436 1214 ad

201 1254 335 1321 Iobaten
349 1275 459 1340 regem
472 1261 597 1337 patrem
612 1256 841 1322 Stheneboeae.
863 1256 978 1338 quibus
994 1256 1087 1322 lectis
1103 1257 1201 1323 talem
1217 1258 1320 1323 mum
1334 1258 1437 1324 inter-

201 1364 298 1432 ficere
326 1367 430 1433 noluit
455 1368 515 1434 sed
543 1368 585 1434 ad
612 1367 812 1434 chimaeram
840 1386 913 1432 eum
939 1365 1189 1433 interficiendum
1218 1369 1321 1451 misit,
1349 1390 1436 1453 quae

202 1478 364 1560 tripartito
394 1480 555 1564 {corporei
578 1498 647 1544 ore
675 1479 879 1545 flammam
910 1479 1077 1561 spirare
1108 1478 1283 1546 dicebatur.
1318 1481 1435 1565 †idem

153 1590 343 1671 ld‘prima
363 1590 428 1657 leo
449 1596 652 1674 postrema
672 1592 797 1657 draco
827 1590 955 1657 media
982 1590 1070 1672 ipsa
1092 1591 1317 1657 chimaera'.
1348 1593 1437 1660 banc

203 1719 301 1783 super
326 1702 486 1784 Pegasum
515 1703 632 1768 sedens
660 1701 822 1767 interiecit
851 1707 885 1767 et
911 1701 1070 1768 decidisse
1100 1702 1216 1768 dicitnr
1240 1702 1273 1768 in
1302 1722 1435 1787 campos

202 1812 321 1879 hieios.
342 1814 429 1879 unde
450 1814 547 1879 etiam
568 1832 664 1879 coxas
686 1813 819 1879 eiecisse
839 1812 963 1878 dicitur.
985 1817 1020 1878 at
1040 1832 1097 1878 ren
1117 1814 1254 1879 virtutes
1275 1815 1345 1881 eius
1363 1817 1435 1882 lau-

202 1926 285 1991 dans
300 1926 434 1992 alteram
449 1924 549 1990 filiam
566 1925 658 1990 dedit
674 1925 704 1990 ei
720 1925 752 1990 in
771 1924 1014 1991 matrimonium
1052 1925 1254 1992 Stheneboea
1268 1945 1305 1992 re
1320 1929 1435 1995 audita

202 2036 276 2118 ipsa
297 2055 333 2102 se
352 2035 520 2101 interfecit

682 2233 788 2298 LVIII
809 2232 945 2315 Smyrna

152 2366 194 2432 15
286 2369 421 2452 Smyrna
448 2369 585 2459 Cinyrae
605 2370 809 2453 Assyriorum
836 2370 922 2452 regis
949 2375 982 2436 et
1003 2370 1208 2437 Cenchreidis
1234 2370 1309 2437 lilia
1339 2373 1432 2441 cuius

202 2485 305 2546 mame
325 2481 495 2548 Cenchreis
517 2481 687 2563 superqus
708 2481 818 2547 locuta
847 2483 933 2563 quod
952 2480 1039 2548 filiae
1061 2501 1140 2549 suae
1159 2483 1294 2548 formam
1314 2484 1434 2551 Veneri

201 2597 444 2674 anteposuerat‚
477 2595 583 2659 Venus
609 2592 722 2658 matris
747 2611 869 2675 poenas
898 2611 1058 2675 exequens
1086 2594 1240 2677 Smyrnae
1265 2593 1435 2662 infandum

202 2721 341 2770 amorem
362 2704 479 2771 obiecit
500 2705 582 2770 adeo
604 2709 641 2770 ut
660 2709 786 2787 patrem
815 2724 908 2771 suum
930 2710 1060 2771 amaret.
1089 2724 1172 2788 quae
1194 2724 1234 2771 ne
1255 2708 1434 2789 suspendio

202 2832 238 2880 se
256 2822 400 2897 necaret,
421 2817 528 2882 nuffix
547 2816 727 2882 intervenit
754 2821 788 2881 et
806 2821 900 2898 patre
922 2817 1085 2883 nesciente
1106 2835 1166 2900 per
1180 2817 1334 2883 nutricem
1359 2837 1433 2885 cum

150 2923 240 2991 20eo
262 2927 445 3008 concubuit,
474 2947 513 2993 ex
534 2947 597 3010 quo
618 2926 778 3008 concepit:
807 2926 904 3009 idque
925 2946 968 2993 ne
986 2928 1094 3010 palam
1114 2927 1205 2994 fieret
1229 2929 1353 3011 pudore
1374 2931 1434 2996 sti-

201 3039 323 3103 mulata
344 3039 376 3103 in
399 3038 488 3103 silvis
511 3057 547 3104 se
568 3037 700 3103 abdidit
722 3037 828 3121 cuijus!
851 3039 961 3104 Venus
982 3046 1098 3122 postea
1118 3040 1251 3105 miserta
1271 3046 1323 3106 est
1344 3047 1377 3107 et
1397 3042 1433 3108 in

201 3150 341 3231 speciem
356 3149 479 3214 arboris
501 3169 572 3215 eam
594 3148 808 3229 commutavit
829 3150 915 3214 unde
937 3151 1066 3233 myrrha
1086 3151 1166 3216 fluit
1188 3171 1226 3217 er
1249 3171 1312 3235 qua
1333 3158 1432 3220 uatus

201 3267 252 3327 est
273 3261 411 3341 Adonis,
431 3261 486 3343 qui
507 3263 620 3327 matris
641 3279 764 3343 poenas
786 3280 807 3327 a
826 3261 952 3327 Venere
973 3269 1025 3328 est
1045 3265 1218 3330 insecutus.

681 3459 804 3524 nvrm
824 3458 947 3541 nnyms

286 3597 494 3680 Demophoon
515 3595 631 3661 Thesei
652 3594 737 3661 filius
758 3595 792 3660 iu
813 3595 981 3661 Thraciam
1002 3598 1045 3663 ad
1066 3596 1243 3679 Phyllidem
1268 3596 1301 3663 in
1322 3597 1433 3679 bospi-

149 3706 193 3771 25
202 3707 281 3772 tium
304 3708 419 3773 dicitur
439 3708 569 3774 venisse
600 3713 633 3772 et
662 3707 703 3772 ab
731 3725 771 3773 ea
791 3725 865 3772 esse
887 3711 1022 3773 amahus.
1065 3707 1128 3786 Qui
1147 3726 1219 3773 cum
1239 3707 1272 3774 in
1293 3707 1432 3789 patriam

200 3818 299 3884 vellet
325 3819 431 3884 redire
458 3817 553 3884 fidem
580 3819 610 3883 ei
632 3819 723 3884 dedit
751 3837 788 3883 se
816 3817 858 3883 ad
886 3837 957 3883 eam
983 3818 1169 3884 rediturum.
1199 3819 1254 3900 qui
1282 3819 1335 3884 die
1356 3838 1433 3885 con-

268 4019 339 4066 Lvn
350 4017 496 4075 edamboea,
507 4016 657 4078 bellerophon
667 4019 741 4067 index
776 4022 790 4066 7
803 4016 920 4065 diobaten
931 4018 953 4064 F
963 4019 1080 4067 ioabateu
1091 4018 1181 4083 (voluit
1192 4017 1298 4081 aaa)
1308 4017 1366 4065 inc.
1375 4017 1392 4065 i.
1405 4033 1432 4065 ιιι

201 4117 225 4164 8.
245 4116 278 4163 10
295 4113 428 4161 chitnoram
440 4139 473 4147 -
491 4113 599 4159 cbImera
617 4113 638 4158 1¹*
654 4128 710 4160 corr
727 4112 814 4159 Comm
834 4109 846 4177 ss
865 4113 964 4160 Lucret.
983 4115 1007 4160 n
1028 4115 1086 4162 tot.
1103 4114 1126 4159 V
1144 4113 1194 4160 903
1248 4115 1279 4160 12
1297 4112 1393 4159 alienos
1408 4112 1432 4158 Γ

200 4224 256 4256 corr
272 4208 329 4254 alic.
346 4209 372 4254 iu
390 4223 415 4254 ιιι
436 4204 447 4272 n
466 4205 501 4269 [et
518 4207 641 4255 decidisse
659 4243 664 4252 .
679 4242 704 4252 ..
723 4207 820 4269 dicitur]
838 4209 897 4255 secl.
915 4208 1001 4268 Lange
1016 4223 1042 4269 p.
1053 4210 1086 4255 42
1140 4209 1171 4255 13
1189 4222 1221 4255 ne
1237 4207 1259 4254 F
1275 4222 1303 4253 rc
1318 4205 1407 4254 Comm

271 4306 300 4350 19
319 4303 352 4364 et]
370 4303 405 4348 itu
423 4301 472 4348 Scb
524 4304 555 4349 21
573 4301 653 4362 sylvis
669 4302 691 4349 F
710 4298 722 4368 fl
741 4302 781 4348 cui
798 4302 819 4348 F
836 4303 904 4349 caiae
920 4303 1012 4350 Berkel

269 4396 363 4444 Lb'llll
380 4395 470 4456 Phyllis
488 4430 535 4442 ...
553 4395 678 4456 appellare
694 4402 752 4458 post
768 4396 818 4443 sab.
831 4396 927 4444 mu
943 4396 1047 4444 retrahit
1061 4397 1168 4446 Bursian
1224 4450 1235 4471 ι
