<?xml version="1.0" encoding="UTF-8"?>
<!DOCTYPE html PUBLIC "-//W3C//DTD XHTML 1.0 Transitional//EN"
    "http://www.w3.org/TR/xhtml1/DTD/xhtml1-transitional.dtd">
<html xmlns="http://www.w3.org/1999/xhtml" xml:lang="en" lang="en">
 <head>
  <title>
</title>
<meta http-equiv="Content-Type" content="text/html;charset=utf-8" />
  <meta name='ocr-system' content='tesseract 3.04.00' />
  <meta name='ocr-capabilities' content='ocr_page ocr_carea ocr_par ocr_line ocrx_word'/>
</head>
<body>
  <div class='ocr_page' id='page_1' title='image "./hyginifabulae00hygigoog_0073.png"; bbox 0 0 3082 4950; ppageno 0'>
   <div class='ocr_carea' id='block_1_1' title="bbox 120 365 1410 2905">
    <p class='ocr_par' dir='ltr' id='par_1_1' title="bbox 91 365 1410 2905">
     <span class='ocr_line' id='line_1_1' title="bbox 817 365 1409 450; baseline -0.002 -17"><span class='ocrx_word' id='word_1_1' title='bbox 817 386 856 433; x_wconf 90' lang='lat' dir='ltr'><strong>ex</strong></span> <span class='ocrx_word' id='word_1_2' title='bbox 869 367 1020 450; x_wconf 83' lang='lat' dir='ltr'><strong>Neptuno</strong></span> <span class='ocrx_word' id='word_1_3' title='bbox 1040 370 1073 433; x_wconf 91' lang='lat' dir='ltr'><strong>ot</strong></span> <span class='ocrx_word' id='word_1_4' title='bbox 1086 365 1280 450; x_wconf 84' lang='lat' dir='ltr'><strong>Amphitrite</strong></span> <span class='ocrx_word' id='word_1_5' title='bbox 1294 365 1409 432; x_wconf 80' lang='lat' dir='ltr'><strong>Triton</strong></span> 
     </span>
     <span class='ocr_line' id='line_1_2' title="bbox 172 478 1261 546; baseline -0.002 -1"><span class='ocrx_word' id='word_1_6' title='bbox 172 480 222 545; x_wconf 85' lang='lat' dir='ltr'><strong>Ex</strong></span> <span class='ocrx_word' id='word_1_7' title='bbox 240 478 343 544; x_wconf 90' lang='lat' dir='ltr'><strong>Dione</strong></span> <span class='ocrx_word' id='word_1_8' title='bbox 365 483 399 545; x_wconf 89' lang='lat' dir='ltr'><strong>et</strong></span> <span class='ocrx_word' id='word_1_9' title='bbox 420 480 495 544; x_wconf 83' lang='lat' dir='ltr'><strong>Iove</strong></span> <span class='ocrx_word' id='word_1_10' title='bbox 515 479 624 546; x_wconf 90' lang='lat' dir='ltr'><strong>Venus</strong></span> <span class='ocrx_word' id='word_1_11' title='bbox 817 500 856 546; x_wconf 84' lang='lat' dir='ltr'><strong>ex</strong></span> <span class='ocrx_word' id='word_1_12' title='bbox 877 480 952 545; x_wconf 86' lang='lat' dir='ltr'><strong>Iove</strong></span> <span class='ocrx_word' id='word_1_13' title='bbox 975 483 1008 544; x_wconf 90' lang='lat' dir='ltr'><strong>ot</strong></span> <span class='ocrx_word' id='word_1_14' title='bbox 1028 479 1150 543; x_wconf 92' lang='lat' dir='ltr'><strong>Iunone</strong></span> <span class='ocrx_word' id='word_1_15' title='bbox 1172 478 1261 544; x_wconf 88' lang='lat' dir='ltr'><strong>Mars</strong></span> 
     </span>
     <span class='ocr_line' id='line_1_3' title="bbox 172 589 1392 673; baseline 0.001 -19"><span class='ocrx_word' id='word_1_16' title='bbox 172 591 221 654; x_wconf 85' lang='lat' dir='ltr'><strong>Ex</strong></span> <span class='ocrx_word' id='word_1_17' title='bbox 243 590 328 656; x_wconf 79' lang='lat' dir='ltr'><strong>Iovis</strong></span> <span class='ocrx_word' id='word_1_18' title='bbox 351 591 455 673; x_wconf 87' lang='lat' dir='ltr'><strong>capite</strong></span> <span class='ocrx_word' id='word_1_19' title='bbox 476 590 621 655; x_wconf 89' lang='lat' dir='ltr'><strong>Minerva</strong></span> <span class='ocrx_word' id='word_1_20' title='bbox 818 609 856 656; x_wconf 85' lang='lat' dir='ltr'><strong>ex</strong></span> <span class='ocrx_word' id='word_1_21' title='bbox 878 591 999 657; x_wconf 91' lang='lat' dir='ltr'><strong>Iunone</strong></span> <span class='ocrx_word' id='word_1_22' title='bbox 1022 590 1091 656; x_wconf 91' lang='lat' dir='ltr'><strong>sine</strong></span> <span class='ocrx_word' id='word_1_23' title='bbox 1111 594 1204 672; x_wconf 88' lang='lat' dir='ltr'><strong>patre</strong></span> <span class='ocrx_word' id='word_1_24' title='bbox 1225 589 1392 656; x_wconf 80' lang='lat' dir='ltr'>Vulcanus</span> 
     </span>
     <span class='ocr_line' id='line_1_4' title="bbox 172 702 1410 784; baseline 0.002 -17"><span class='ocrx_word' id='word_1_25' title='bbox 172 703 221 767; x_wconf 86' lang='lat' dir='ltr'><strong>Hx</strong></span> <span class='ocrx_word' id='word_1_26' title='bbox 243 702 321 768; x_wconf 86' lang='lat' dir='ltr'><strong>Iove</strong></span> <span class='ocrx_word' id='word_1_27' title='bbox 343 705 376 767; x_wconf 92' lang='lat' dir='ltr'><strong>et</strong></span> <span class='ocrx_word' id='word_1_28' title='bbox 398 702 578 784; x_wconf 87' lang='lat' dir='ltr'>Eurynome</span> <span class='ocrx_word' id='word_1_29' title='bbox 601 702 732 767; x_wconf 84' lang='lat' dir='ltr'><strong>Gratiae</strong></span> <span class='ocrx_word' id='word_1_30' title='bbox 819 721 858 767; x_wconf 83' lang='lat' dir='ltr'><strong>ex</strong></span> <span class='ocrx_word' id='word_1_31' title='bbox 872 703 947 769; x_wconf 86' lang='lat' dir='ltr'><strong>Iove</strong></span> <span class='ocrx_word' id='word_1_32' title='bbox 970 720 1082 768; x_wconf 88' lang='lat' dir='ltr'><strong>rursus</strong></span> <span class='ocrx_word' id='word_1_33' title='bbox 1106 707 1138 767; x_wconf 89' lang='lat' dir='ltr'><strong>et</strong></span> <span class='ocrx_word' id='word_1_34' title='bbox 1154 702 1277 768; x_wconf 92' lang='lat' dir='ltr'><strong>Iunone</strong></span> <span class='ocrx_word' id='word_1_35' title='bbox 1291 702 1410 769; x_wconf 90' lang='lat' dir='ltr'><strong>Iuven-</strong></span> 
     </span>
     <span class='ocr_line' id='line_1_5' title="bbox 143 813 1082 882; baseline -0.004 0"><span class='ocrx_word' id='word_1_36' title='bbox 143 815 164 882; x_wconf 83' lang='lat'>5</span> <span class='ocrx_word' id='word_1_37' title='bbox 860 817 917 879; x_wconf 89' lang='lat' dir='ltr'><strong>tus</strong></span> <span class='ocrx_word' id='word_1_38' title='bbox 935 813 1082 879; x_wconf 84' lang='lat' dir='ltr'><strong>Libertas</strong></span> 
     </span>
     <span class='ocr_line' id='line_1_6' title="bbox 172 923 1364 1007; baseline 0.001 -17"><span class='ocrx_word' id='word_1_39' title='bbox 172 924 221 990; x_wconf 84' lang='lat' dir='ltr'><strong>Ex</strong></span> <span class='ocrx_word' id='word_1_40' title='bbox 245 925 320 990; x_wconf 89' lang='lat' dir='ltr'><strong>Iove</strong></span> <span class='ocrx_word' id='word_1_41' title='bbox 343 929 376 992; x_wconf 93' lang='lat' dir='ltr'><strong>et</strong></span> <span class='ocrx_word' id='word_1_42' title='bbox 398 924 550 990; x_wconf 90' lang='lat' dir='ltr'><strong>Themide</strong></span> <span class='ocrx_word' id='word_1_43' title='bbox 570 923 680 990; x_wconf 90' lang='lat' dir='ltr'><strong>Horae</strong></span> <span class='ocrx_word' id='word_1_44' title='bbox 819 945 858 992; x_wconf 86' lang='lat' dir='ltr'><strong>ex</strong></span> <span class='ocrx_word' id='word_1_45' title='bbox 879 926 955 992; x_wconf 86' lang='lat' dir='ltr'><strong>Iove</strong></span> <span class='ocrx_word' id='word_1_46' title='bbox 977 928 1009 990; x_wconf 89' lang='lat' dir='ltr'><strong>et</strong></span> <span class='ocrx_word' id='word_1_47' title='bbox 1032 924 1146 991; x_wconf 81' lang='lat' dir='ltr'><strong>Cerere</strong></span> <span class='ocrx_word' id='word_1_48' title='bbox 1167 925 1364 1007; x_wconf 84' lang='lat' dir='ltr'><strong>Proserpina</strong></span> 
     </span>
     <span class='ocr_line' id='line_1_7' title="bbox 171 1037 1410 1119; baseline 0.001 -17"><span class='ocrx_word' id='word_1_49' title='bbox 171 1037 222 1102; x_wconf 87' lang='lat' dir='ltr'><strong>Ex</strong></span> <span class='ocrx_word' id='word_1_50' title='bbox 243 1037 320 1103; x_wconf 86' lang='lat' dir='ltr'><strong>Iove</strong></span> <span class='ocrx_word' id='word_1_51' title='bbox 343 1041 376 1102; x_wconf 91' lang='lat' dir='ltr'><strong>et</strong></span> <span class='ocrx_word' id='word_1_52' title='bbox 397 1038 528 1102; x_wconf 90' lang='lat' dir='ltr'><strong>Moneta</strong></span> <span class='ocrx_word' id='word_1_53' title='bbox 549 1037 664 1103; x_wconf 89' lang='lat' dir='ltr'><strong>Musae</strong></span> <span class='ocrx_word' id='word_1_54' title='bbox 820 1056 857 1102; x_wconf 88' lang='lat' dir='ltr'><strong>ex</strong></span> <span class='ocrx_word' id='word_1_55' title='bbox 868 1038 944 1103; x_wconf 90' lang='lat' dir='ltr'><strong>Iove</strong></span> <span class='ocrx_word' id='word_1_56' title='bbox 956 1038 1124 1103; x_wconf 89' lang='lat' dir='ltr'><strong>etLatona</strong></span> <span class='ocrx_word' id='word_1_57' title='bbox 1133 1037 1248 1119; x_wconf 90' lang='lat' dir='ltr'><strong>Apollo</strong></span> <span class='ocrx_word' id='word_1_58' title='bbox 1261 1041 1294 1103; x_wconf 92' lang='lat' dir='ltr'><strong>et</strong></span> <span class='ocrx_word' id='word_1_59' title='bbox 1302 1037 1410 1103; x_wconf 86' lang='lat' dir='ltr'><strong>Diana</strong></span> 
     </span>
     <span class='ocr_line' id='line_1_8' title="bbox 172 1147 1316 1231; baseline 0.002 -19"><span class='ocrx_word' id='word_1_60' title='bbox 172 1149 221 1212; x_wconf 84' lang='lat' dir='ltr'><strong>Ex</strong></span> <span class='ocrx_word' id='word_1_61' title='bbox 243 1149 317 1214; x_wconf 90' lang='lat' dir='ltr'><strong>Iove</strong></span> <span class='ocrx_word' id='word_1_62' title='bbox 340 1152 373 1213; x_wconf 92' lang='lat' dir='ltr'><strong>et</strong></span> <span class='ocrx_word' id='word_1_63' title='bbox 391 1147 540 1230; x_wconf 87' lang='lat' dir='ltr'><strong>Clymene</strong></span> <span class='ocrx_word' id='word_1_64' title='bbox 555 1148 761 1231; x_wconf 83' lang='lat' dir='ltr'><strong>Mnemosyne</strong></span> <span class='ocrx_word' id='word_1_65' title='bbox 818 1168 857 1214; x_wconf 84' lang='lat' dir='ltr'><strong>ex</strong></span> <span class='ocrx_word' id='word_1_66' title='bbox 878 1149 953 1214; x_wconf 90' lang='lat' dir='ltr'><strong>Iove</strong></span> <span class='ocrx_word' id='word_1_67' title='bbox 976 1152 1009 1214; x_wconf 88' lang='lat' dir='ltr'><strong>et</strong></span> <span class='ocrx_word' id='word_1_68' title='bbox 1030 1148 1117 1214; x_wconf 92' lang='lat' dir='ltr'><strong>Maia</strong></span> <span class='ocrx_word' id='word_1_69' title='bbox 1137 1148 1316 1214; x_wconf 86' lang='lat' dir='ltr'><strong>Mercurius</strong></span> 
     </span>
     <span class='ocr_line' id='line_1_9' title="bbox 172 1258 1409 1327; baseline 0.001 -3"><span class='ocrx_word' id='word_1_70' title='bbox 172 1259 221 1324; x_wconf 84' lang='lat' dir='ltr'><strong>Hx</strong></span> <span class='ocrx_word' id='word_1_71' title='bbox 241 1260 317 1325; x_wconf 85' lang='lat' dir='ltr'><strong>Iove</strong></span> <span class='ocrx_word' id='word_1_72' title='bbox 341 1265 373 1325; x_wconf 88' lang='lat' dir='ltr'><strong>et</strong></span> <span class='ocrx_word' id='word_1_73' title='bbox 394 1261 487 1326; x_wconf 88' lang='lat' dir='ltr'><strong>Luna</strong></span> <span class='ocrx_word' id='word_1_74' title='bbox 508 1260 631 1327; x_wconf 86' lang='lat' dir='ltr'><strong>Pandia</strong></span> <span class='ocrx_word' id='word_1_75' title='bbox 817 1281 856 1327; x_wconf 86' lang='lat' dir='ltr'><strong>ex</strong></span> <span class='ocrx_word' id='word_1_76' title='bbox 870 1262 997 1327; x_wconf 87' lang='lat' dir='ltr'><strong>Venere</strong></span> <span class='ocrx_word' id='word_1_77' title='bbox 1014 1264 1047 1325; x_wconf 92' lang='lat' dir='ltr'><strong>et</strong></span> <span class='ocrx_word' id='word_1_78' title='bbox 1062 1261 1167 1327; x_wconf 87' lang='lat' dir='ltr'><strong>Marte</strong></span> <span class='ocrx_word' id='word_1_79' title='bbox 1181 1258 1360 1326; x_wconf 88' lang='lat' dir='ltr'><strong>Harmonia</strong></span> <span class='ocrx_word' id='word_1_80' title='bbox 1376 1264 1409 1326; x_wconf 92' lang='lat' dir='ltr'><strong>et</strong></span> 
     </span>
     <span class='ocr_line' id='line_1_10' title="bbox 123 1372 1007 1440; baseline -0.005 0"><span class='ocrx_word' id='word_1_81' title='bbox 123 1374 164 1440; x_wconf 93' lang='lat'><strong>10</strong></span> <span class='ocrx_word' id='word_1_82' title='bbox 857 1372 1007 1437; x_wconf 88' lang='lat' dir='ltr'><strong>Formido</strong></span> 
     </span>
     <span class='ocr_line' id='line_1_11' title="bbox 172 1482 1300 1566; baseline 0.002 -18"><span class='ocrx_word' id='word_1_83' title='bbox 172 1483 220 1548; x_wconf 88' lang='lat' dir='ltr'><strong>Ex</strong></span> <span class='ocrx_word' id='word_1_84' title='bbox 242 1482 383 1549; x_wconf 89' lang='lat' dir='ltr'><strong>Acheloo</strong></span> <span class='ocrx_word' id='word_1_85' title='bbox 406 1487 438 1548; x_wconf 90' lang='lat' dir='ltr'><strong>et</strong></span> <span class='ocrx_word' id='word_1_86' title='bbox 460 1482 659 1566; x_wconf 87' lang='lat' dir='ltr'><strong>Melpomene</strong></span> <span class='ocrx_word' id='word_1_87' title='bbox 681 1484 825 1551; x_wconf 83' lang='lat' dir='ltr'><strong>Sirenes:</strong></span> <span class='ocrx_word' id='word_1_88' title='bbox 848 1482 1019 1565; x_wconf 85' lang='lat' dir='ltr'><strong>Thehriope</strong></span> <span class='ocrx_word' id='word_1_89' title='bbox 1041 1483 1149 1565; x_wconf 92' lang='lat' dir='ltr'><strong>Molpe</strong></span> <span class='ocrx_word' id='word_1_90' title='bbox 1171 1482 1300 1551; x_wconf 89' lang='lat' dir='ltr'><strong>Pisinoe</strong></span> 
     </span>
     <span class='ocr_line' id='line_1_12' title="bbox 170 1594 1065 1678; baseline 0 -18"><span class='ocrx_word' id='word_1_91' title='bbox 170 1595 220 1660; x_wconf 85' lang='lat' dir='ltr'><strong>Ex</strong></span> <span class='ocrx_word' id='word_1_92' title='bbox 242 1594 316 1662; x_wconf 84' lang='lat' dir='ltr'><strong>Sole</strong></span> <span class='ocrx_word' id='word_1_93' title='bbox 338 1599 370 1660; x_wconf 89' lang='lat' dir='ltr'><strong>et</strong></span> <span class='ocrx_word' id='word_1_94' title='bbox 390 1594 503 1660; x_wconf 90' lang='lat' dir='ltr'><strong>Perse:</strong></span> <span class='ocrx_word' id='word_1_95' title='bbox 527 1595 616 1662; x_wconf 80' lang='lat' dir='ltr'><strong>Circe</strong></span> <span class='ocrx_word' id='word_1_96' title='bbox 639 1596 803 1678; x_wconf 89' lang='lat' dir='ltr'><strong>Pasiphae</strong></span> <span class='ocrx_word' id='word_1_97' title='bbox 826 1598 928 1661; x_wconf 84' lang='lat' dir='ltr'><strong>Aeeta</strong></span> <span class='ocrx_word' id='word_1_98' title='bbox 948 1595 1065 1660; x_wconf 90' lang='lat' dir='ltr'><strong>Perses</strong></span> 
     </span>
     <span class='ocr_line' id='line_1_13' title="bbox 643 1707 1107 1789; baseline -0.004 -16"><span class='ocrx_word' id='word_1_99' title='bbox 643 1728 681 1773; x_wconf 86' lang='lat' dir='ltr'><strong>ex</strong></span> <span class='ocrx_word' id='word_1_100' title='bbox 703 1709 804 1773; x_wconf 82' lang='lat' dir='ltr'><strong>Aeeta</strong></span> <span class='ocrx_word' id='word_1_101' title='bbox 826 1711 859 1772; x_wconf 91' lang='lat' dir='ltr'><strong>et</strong></span> <span class='ocrx_word' id='word_1_102' title='bbox 879 1707 970 1789; x_wconf 88' lang='lat' dir='ltr'><strong>Idyia</strong></span> <span class='ocrx_word' id='word_1_103' title='bbox 991 1707 1107 1771; x_wconf 91' lang='lat' dir='ltr'><strong>Medea</strong></span> 
     </span>
     <span class='ocr_line' id='line_1_14' title="bbox 172 1816 1410 1900; baseline 0.002 -17.877"><span class='ocrx_word' id='word_1_104' title='bbox 172 1817 220 1882; x_wconf 86' lang='lat' dir='ltr'><strong>Ex</strong></span> <span class='ocrx_word' id='word_1_105' title='bbox 249 1816 322 1883; x_wconf 84' lang='lat' dir='ltr'><strong>Sole</strong></span> <span class='ocrx_word' id='word_1_106' title='bbox 354 1821 386 1882; x_wconf 91' lang='lat' dir='ltr'><strong>et</strong></span> <span class='ocrx_word' id='word_1_107' title='bbox 416 1817 580 1900; x_wconf 91' lang='lat' dir='ltr'><strong>Clymene:</strong></span> <span class='ocrx_word' id='word_1_108' title='bbox 613 1818 780 1885; x_wconf 91' lang='lat' dir='ltr'><strong>Phaethon</strong></span> <span class='ocrx_word' id='word_1_109' title='bbox 811 1823 845 1883; x_wconf 94' lang='lat' dir='ltr'><strong>et</strong></span> <span class='ocrx_word' id='word_1_110' title='bbox 874 1817 1125 1884; x_wconf 88' lang='lat' dir='ltr'><strong>Phaethontides</strong></span> <span class='ocrx_word' id='word_1_111' title='bbox 1157 1817 1289 1899; x_wconf 91' lang='lat' dir='ltr'><strong>Merope</strong></span> <span class='ocrx_word' id='word_1_112' title='bbox 1316 1817 1410 1884; x_wconf 92' lang='lat' dir='ltr'><strong>Helie</strong></span> 
     </span>
     <span class='ocr_line' id='line_1_15' title="bbox 123 1929 1009 2012; baseline -0.01 -10"><span class='ocrx_word' id='word_1_113' title='bbox 123 1935 163 2002; x_wconf 85' lang='lat'><strong>15</strong></span> <span class='ocrx_word' id='word_1_114' title='bbox 514 1960 517 1965; x_wconf 86' lang='lat'><strong>·</strong></span> <span class='ocrx_word' id='word_1_115' title='bbox 655 1929 831 1996; x_wconf 84' lang='lat' dir='ltr'><strong>*Aetherie</strong></span> <span class='ocrx_word' id='word_1_116' title='bbox 852 1929 1009 2012; x_wconf 85' lang='lat' dir='ltr'><strong>Dioxippe</strong></span> 
     </span>
     <span class='ocr_line' id='line_1_16' title="bbox 173 2038 1409 2124; baseline 0.002 -21"><span class='ocrx_word' id='word_1_117' title='bbox 173 2038 221 2103; x_wconf 83' lang='lat' dir='ltr'><strong>Ex</strong></span> <span class='ocrx_word' id='word_1_118' title='bbox 237 2039 389 2121; x_wconf 91' lang='lat' dir='ltr'><strong>Typhone</strong></span> <span class='ocrx_word' id='word_1_119' title='bbox 405 2044 437 2106; x_wconf 92' lang='lat' dir='ltr'><strong>et</strong></span> <span class='ocrx_word' id='word_1_120' title='bbox 451 2041 597 2106; x_wconf 88' lang='lat' dir='ltr'><strong>Echidna</strong></span> <span class='ocrx_word' id='word_1_121' title='bbox 611 2041 751 2124; x_wconf 81' lang='lat' dir='ltr'><strong>Gorgon,</strong></span> <span class='ocrx_word' id='word_1_122' title='bbox 774 2040 938 2121; x_wconf 88' lang='lat' dir='ltr'><strong>Cerberus,</strong></span> <span class='ocrx_word' id='word_1_123' title='bbox 961 2041 1057 2107; x_wconf 90' lang='lat' dir='ltr'><strong>draco</strong></span> <span class='ocrx_word' id='word_1_124' title='bbox 1077 2039 1131 2124; x_wconf 92' lang='lat' dir='ltr'><strong>qui</strong></span> <span class='ocrx_word' id='word_1_125' title='bbox 1146 2039 1262 2122; x_wconf 89' lang='lat' dir='ltr'><strong>pellem</strong></span> <span class='ocrx_word' id='word_1_126' title='bbox 1278 2058 1409 2106; x_wconf 90' lang='lat' dir='ltr'><strong>auream</strong></span> 
     </span>
     <span class='ocr_line' id='line_1_17' title="bbox 258 2150 1410 2234; baseline 0.002 -19"><span class='ocrx_word' id='word_1_127' title='bbox 258 2151 369 2217; x_wconf 88' lang='lat' dir='ltr'><strong>arietis</strong></span> <span class='ocrx_word' id='word_1_128' title='bbox 389 2152 516 2218; x_wconf 87' lang='lat' dir='ltr'><strong>Colchis</strong></span> <span class='ocrx_word' id='word_1_129' title='bbox 540 2152 701 2234; x_wconf 84' lang='lat' dir='ltr'><strong>servabat,</strong></span> <span class='ocrx_word' id='word_1_130' title='bbox 723 2152 830 2234; x_wconf 85' lang='lat' dir='ltr'><strong>Scylla</strong></span> <span class='ocrx_word' id='word_1_131' title='bbox 850 2171 933 2234; x_wconf 93' lang='lat' dir='ltr'><strong>quae</strong></span> <span class='ocrx_word' id='word_1_132' title='bbox 955 2152 1151 2234; x_wconf 89' lang='lat' dir='ltr'><strong>superiorem</strong></span> <span class='ocrx_word' id='word_1_133' title='bbox 1173 2155 1297 2233; x_wconf 90' lang='lat' dir='ltr'><strong>partem</strong></span> <span class='ocrx_word' id='word_1_134' title='bbox 1318 2150 1410 2231; x_wconf 73' lang='lat' dir='ltr'><strong>ilole·</strong></span> 
     </span>
     <span class='ocr_line' id='line_1_18' title="bbox 257 2261 1408 2345; baseline 0.001 -19"><span class='ocrx_word' id='word_1_135' title='bbox 257 2261 363 2329; x_wconf 89' lang='lat' dir='ltr'><strong>minae</strong></span> <span class='ocrx_word' id='word_1_136' title='bbox 385 2263 567 2330; x_wconf 82' lang='lat' dir='ltr'><strong>inferiorem</strong></span> <span class='ocrx_word' id='word_1_137' title='bbox 582 2265 670 2330; x_wconf 87' lang='lat' dir='ltr'><strong>canis</strong></span> <span class='ocrx_word' id='word_1_138' title='bbox 693 2264 806 2330; x_wconf 88' lang='lat' dir='ltr'><strong>habuit</strong></span> <span class='ocrx_word' id='word_1_139' title='bbox 827 2267 934 2345; x_wconf 77' lang='lat' dir='ltr'><strong>[quam</strong></span> <span class='ocrx_word' id='word_1_140' title='bbox 955 2263 1110 2329; x_wconf 86' lang='lat' dir='ltr'><strong>Hercules</strong></span> <span class='ocrx_word' id='word_1_141' title='bbox 1133 2262 1312 2343; x_wconf 87' lang='lat' dir='ltr'><strong>interemit]‚</strong></span> <span class='ocrx_word' id='word_1_142' title='bbox 1335 2262 1408 2328; x_wconf 89' lang='lat' dir='ltr'><strong>Chi·</strong></span> 
     </span>
     <span class='ocr_line' id='line_1_19' title="bbox 256 2373 1409 2461; baseline 0.002 -23"><span class='ocrx_word' id='word_1_143' title='bbox 256 2373 396 2461; x_wconf 69' lang='lat' dir='ltr'><strong>mlalera</strong></span> <span class='ocrx_word' id='word_1_144' title='bbox 428 2376 550 2458; x_wconf 87' lang='lat' dir='ltr'><strong>Sphinx</strong></span> <span class='ocrx_word' id='word_1_145' title='bbox 580 2394 661 2457; x_wconf 90' lang='lat' dir='ltr'><strong>quae</strong></span> <span class='ocrx_word' id='word_1_146' title='bbox 690 2375 751 2441; x_wconf 89' lang='lat' dir='ltr'><strong>fuit</strong></span> <span class='ocrx_word' id='word_1_147' title='bbox 778 2376 808 2440; x_wconf 95' lang='lat' dir='ltr'><strong>in</strong></span> <span class='ocrx_word' id='word_1_148' title='bbox 838 2375 987 2455; x_wconf 88' lang='lat' dir='ltr'><strong>Boeotia,</strong></span> <span class='ocrx_word' id='word_1_149' title='bbox 1018 2374 1131 2456; x_wconf 91' lang='lat' dir='ltr'><strong>Hydra</strong></span> <span class='ocrx_word' id='word_1_150' title='bbox 1160 2392 1291 2457; x_wconf 88' lang='lat' dir='ltr'><strong>serpens</strong></span> <span class='ocrx_word' id='word_1_151' title='bbox 1324 2392 1409 2457; x_wconf 88' lang='lat' dir='ltr'><strong>qnae</strong></span> 
     </span>
     <span class='ocr_line' id='line_1_20' title="bbox 120 2485 1409 2571; baseline -0.005 -14"><span class='ocrx_word' id='word_1_152' title='bbox 120 2493 163 2558; x_wconf 81' lang='lat'><strong>20</strong></span> <span class='ocrx_word' id='word_1_153' title='bbox 258 2506 372 2552; x_wconf 90' lang='lat' dir='ltr'><strong>novem</strong></span> <span class='ocrx_word' id='word_1_154' title='bbox 395 2488 501 2570; x_wconf 89' lang='lat' dir='ltr'><strong>capita</strong></span> <span class='ocrx_word' id='word_1_155' title='bbox 522 2487 649 2569; x_wconf 87' lang='lat' dir='ltr'><strong>habuit,</strong></span> <span class='ocrx_word' id='word_1_156' title='bbox 672 2505 767 2571; x_wconf 88' lang='lat' dir='ltr'><strong>quam</strong></span> <span class='ocrx_word' id='word_1_157' title='bbox 789 2487 945 2552; x_wconf 88' lang='lat' dir='ltr'><strong>Hercules</strong></span> <span class='ocrx_word' id='word_1_158' title='bbox 968 2485 1143 2567; x_wconf 85' lang='lat' dir='ltr'><strong>interemit,</strong></span> <span class='ocrx_word' id='word_1_159' title='bbox 1169 2490 1201 2551; x_wconf 89' lang='lat' dir='ltr'><strong>et</strong></span> <span class='ocrx_word' id='word_1_160' title='bbox 1223 2485 1319 2551; x_wconf 87' lang='lat' dir='ltr'><strong>draco</strong></span> <span class='ocrx_word' id='word_1_161' title='bbox 1342 2486 1409 2551; x_wconf 91' lang='lat' dir='ltr'><strong>He-</strong></span> 
     </span>
     <span class='ocr_line' id='line_1_21' title="bbox 257 2599 516 2681; baseline 0 -17"><span class='ocrx_word' id='word_1_162' title='bbox 257 2599 428 2681; x_wconf 89' lang='lat' dir='ltr'><strong>speridum.</strong></span> <span class='ocrx_word' id='word_1_163' title='bbox 514 2652 516 2657; x_wconf 89' lang='lat'><em>.</em></span> 
     </span>
     <span class='ocr_line' id='line_1_22' title="bbox 172 2709 1131 2794; baseline 0 -20"><span class='ocrx_word' id='word_1_164' title='bbox 172 2711 220 2775; x_wconf 89' lang='lat' dir='ltr'><strong>Ex</strong></span> <span class='ocrx_word' id='word_1_165' title='bbox 242 2711 392 2794; x_wconf 84' lang='lat' dir='ltr'><strong>Neptuno</strong></span> <span class='ocrx_word' id='word_1_166' title='bbox 414 2714 447 2778; x_wconf 91' lang='lat' dir='ltr'><strong>et</strong></span> <span class='ocrx_word' id='word_1_167' title='bbox 467 2711 605 2777; x_wconf 90' lang='lat' dir='ltr'><strong>Medusa</strong></span> <span class='ocrx_word' id='word_1_168' title='bbox 627 2711 788 2794; x_wconf 91' lang='lat' dir='ltr'><strong>Chrysaor</strong></span> <span class='ocrx_word' id='word_1_169' title='bbox 810 2714 842 2775; x_wconf 92' lang='lat' dir='ltr'><strong>et</strong></span> <span class='ocrx_word' id='word_1_170' title='bbox 865 2728 964 2791; x_wconf 90' lang='lat' dir='ltr'><strong>equus</strong></span> <span class='ocrx_word' id='word_1_171' title='bbox 985 2709 1131 2792; x_wconf 86' lang='lat' dir='ltr'><strong>Pegasus</strong></span> 
     </span>
     <span class='ocr_line' id='line_1_23' title="bbox 173 2820 1030 2905; baseline -0.001 -19"><span class='ocrx_word' id='word_1_172' title='bbox 173 2821 220 2886; x_wconf 87' lang='lat' dir='ltr'><strong>Ex</strong></span> <span class='ocrx_word' id='word_1_173' title='bbox 243 2822 421 2904; x_wconf 89' lang='lat' dir='ltr'><strong>Chrysaore</strong></span> <span class='ocrx_word' id='word_1_174' title='bbox 444 2826 477 2888; x_wconf 91' lang='lat' dir='ltr'><strong>et</strong></span> <span class='ocrx_word' id='word_1_175' title='bbox 499 2821 658 2888; x_wconf 91' lang='lat' dir='ltr'><strong>Callirhoe</strong></span> <span class='ocrx_word' id='word_1_176' title='bbox 680 2823 808 2905; x_wconf 84' lang='lat' dir='ltr'><strong>Geryon</strong></span> <span class='ocrx_word' id='word_1_177' title='bbox 830 2820 1030 2887; x_wconf 89' lang='lat' dir='ltr'><strong>trimembris.</strong></span> 
     </span>
    </p>
   </div>
   <div class='ocr_carea' id='block_1_2' title="bbox 173 2997 377 3006">
    <p class='ocr_par' dir='ltr' id='par_1_2' title="bbox 173 2997 377 3006">
     <span class='ocr_line' id='line_1_24' title="bbox 173 2997 377 3006; baseline 0.005 -1"><span class='ocrx_word' id='word_1_178' title='bbox 173 2997 377 3006; x_wconf 53' lang='lat'><strong>*—</strong></span> 
     </span>
    </p>
   </div>
   <div class='ocr_carea' id='block_1_3' title="bbox 98 3120 1410 4122">
    <p class='ocr_par' dir='ltr' id='par_1_3' title="bbox 98 3120 1410 4122">
     <span class='ocr_line' id='line_1_25' title="bbox 242 3120 1407 3190; baseline 0.001 -20"><span class='ocrx_word' id='word_1_179' title='bbox 242 3126 254 3170; x_wconf 88' lang='lat'>1</span> <span class='ocrx_word' id='word_1_180' title='bbox 276 3123 441 3185; x_wconf 84' lang='lat' dir='ltr'><strong>amphitrione</strong></span> <span class='ocrx_word' id='word_1_181' title='bbox 458 3123 479 3169; x_wconf 98' lang='grc' dir='ltr'><strong>Ε</strong></span> <span class='ocrx_word' id='word_1_182' title='bbox 498 3137 552 3171; x_wconf 88' lang='lat' dir='ltr'><strong>corr</strong></span> <span class='ocrx_word' id='word_1_183' title='bbox 569 3123 619 3171; x_wconf 87' lang='lat' dir='ltr'><strong>Mic</strong></span> <span class='ocrx_word' id='word_1_184' title='bbox 638 3120 648 3189; x_wconf 77' lang='grc' dir='ltr'><strong>ΙΙ</strong></span> <span class='ocrx_word' id='word_1_185' title='bbox 667 3123 741 3170; x_wconf 62' lang='lat' dir='ltr'><strong>triton</strong></span> <span class='ocrx_word' id='word_1_186' title='bbox 760 3121 789 3190; x_wconf 69' lang='lat' dir='ltr'><strong>let</strong></span> <span class='ocrx_word' id='word_1_187' title='bbox 806 3121 892 3188; x_wconf 73' lang='lat' dir='ltr'><strong>Rhodel</strong></span> <span class='ocrx_word' id='word_1_188' title='bbox 913 3122 1020 3171; x_wconf 86' lang='lat' dir='ltr'><strong>conicias</strong></span> <span class='ocrx_word' id='word_1_189' title='bbox 1038 3123 1172 3171; x_wconf 87' lang='lat' dir='ltr'><strong>secundnm</strong></span> <span class='ocrx_word' id='word_1_190' title='bbox 1183 3121 1298 3183; x_wconf 81' lang='lat' dir='ltr'><strong>Apollod.</strong></span> <span class='ocrx_word' id='word_1_191' title='bbox 1318 3125 1331 3170; x_wconf 93' lang='lat'><em>1</em></span> <span class='ocrx_word' id='word_1_192' title='bbox 1348 3125 1407 3183; x_wconf 63' lang='lat' dir='ltr'><strong>Ao</strong></span> 
     </span>
     <span class='ocr_line' id='line_1_26' title="bbox 173 3212 1407 3285; baseline -0.001 -19"><span class='ocrx_word' id='word_1_193' title='bbox 173 3223 189 3267; x_wconf 83' lang='lat'>4</span> <span class='ocrx_word' id='word_1_194' title='bbox 208 3218 291 3279; x_wconf 81' lang='lat' dir='ltr'><strong>gretie</strong></span> <span class='ocrx_word' id='word_1_195' title='bbox 309 3219 329 3264; x_wconf 87' lang='grc' dir='ltr'><strong>Ε</strong></span> <span class='ocrx_word' id='word_1_196' title='bbox 347 3218 432 3279; x_wconf 82' lang='lat' dir='ltr'><strong>gratie,</strong></span> <span class='ocrx_word' id='word_1_197' title='bbox 445 3217 515 3263; x_wconf 66' lang='lat' dir='ltr'><strong>mio</strong></span> <span class='ocrx_word' id='word_1_198' title='bbox 569 3220 584 3264; x_wconf 84' lang='lat'><strong>5</strong></span> <span class='ocrx_word' id='word_1_199' title='bbox 602 3215 714 3285; x_wconf 84' lang='lat' dir='ltr'><strong>libertas]</strong></span> <span class='ocrx_word' id='word_1_200' title='bbox 731 3218 780 3265; x_wconf 93' lang='lat' dir='ltr'><strong>imo</strong></span> <span class='ocrx_word' id='word_1_201' title='bbox 799 3218 894 3266; x_wconf 68' lang='lat' dir='ltr'><strong>Lucina</strong></span> <span class='ocrx_word' id='word_1_202' title='bbox 911 3213 1052 3284; x_wconf 61' lang='grc' dir='ltr'>(ἐλευθερία</span> <span class='ocrx_word' id='word_1_203' title='bbox 1069 3232 1113 3278; x_wconf 88' lang='lat' dir='ltr'><strong>pro</strong></span> <span class='ocrx_word' id='word_1_204' title='bbox 1132 3212 1240 3281; x_wconf 68' lang='grc' dir='ltr'>ἐλευὸώ)</span> <span class='ocrx_word' id='word_1_205' title='bbox 1258 3231 1320 3266; x_wconf 87' lang='lat' dir='ltr'><strong>mue.</strong></span> <span class='ocrx_word' id='word_1_206' title='bbox 1338 3218 1407 3265; x_wconf 89' lang='lat' dir='ltr'><strong>rhen.</strong></span> 
     </span>
     <span class='ocr_line' id='line_1_27' title="bbox 173 3311 1410 3375; baseline 0.001 -16"><span class='ocrx_word' id='word_1_207' title='bbox 173 3313 222 3360; x_wconf 85' lang='lat' dir='ltr'><strong>XX</strong></span> <span class='ocrx_word' id='word_1_208' title='bbox 240 3327 267 3375; x_wconf 88' lang='lat' dir='ltr'><strong>p.</strong></span> <span class='ocrx_word' id='word_1_209' title='bbox 282 3313 333 3363; x_wconf 82' lang='lat'><strong>460</strong></span> <span class='ocrx_word' id='word_1_210' title='bbox 375 3317 389 3362; x_wconf 80' lang='lat' dir='ltr'><strong>l</strong></span> <span class='ocrx_word' id='word_1_211' title='bbox 409 3317 466 3373; x_wconf 89' lang='lat' dir='ltr'><strong>post</strong></span> <span class='ocrx_word' id='word_1_212' title='bbox 483 3312 582 3360; x_wconf 76' lang='lat' dir='ltr'><strong>‘musae&#39;</strong></span> <span class='ocrx_word' id='word_1_213' title='bbox 599 3312 625 3360; x_wconf 92' lang='lat' dir='ltr'><strong>in</strong></span> <span class='ocrx_word' id='word_1_214' title='bbox 642 3313 664 3359; x_wconf 89' lang='grc' dir='ltr'><strong>Ε</strong></span> <span class='ocrx_word' id='word_1_215' title='bbox 681 3317 816 3373; x_wconf 86' lang='lat' dir='ltr'><strong>sequuntur</strong></span> <span class='ocrx_word' id='word_1_216' title='bbox 832 3314 850 3361; x_wconf 92' lang='lat' dir='ltr'><strong>l.</strong></span> <span class='ocrx_word' id='word_1_217' title='bbox 867 3313 960 3361; x_wconf 79' lang='lat'>9-11</span> <span class='ocrx_word' id='word_1_218' title='bbox 980 3317 1018 3361; x_wconf 84' lang='lat' dir='ltr'><strong>‘ex</strong></span> <span class='ocrx_word' id='word_1_219' title='bbox 1036 3315 1095 3360; x_wconf 87' lang='lat' dir='ltr'><strong>Iove</strong></span> <span class='ocrx_word' id='word_1_220' title='bbox 1113 3315 1137 3358; x_wconf 86' lang='lat' dir='ltr'><strong>et</strong></span> <span class='ocrx_word' id='word_1_221' title='bbox 1153 3312 1226 3358; x_wconf 79' lang='lat' dir='ltr'><strong>Luna</strong></span> <span class='ocrx_word' id='word_1_222' title='bbox 1244 3345 1268 3358; x_wconf 91' lang='lat'><strong>..</strong></span> <span class='ocrx_word' id='word_1_223' title='bbox 1283 3311 1410 3360; x_wconf 85' lang='lat' dir='ltr'><strong>.Pisinoe&#39;</strong></span> 
     </span>
     <span class='ocr_line' id='line_1_28' title="bbox 175 3404 1408 3473; baseline 0.001 -18"><span class='ocrx_word' id='word_1_224' title='bbox 175 3406 236 3473; x_wconf 73' lang='lat' dir='ltr'><strong>ll‘ex</strong></span> <span class='ocrx_word' id='word_1_225' title='bbox 253 3409 312 3456; x_wconf 88' lang='lat' dir='ltr'><strong>Iove</strong></span> <span class='ocrx_word' id='word_1_226' title='bbox 337 3412 362 3454; x_wconf 88' lang='lat' dir='ltr'><strong>et</strong></span> <span class='ocrx_word' id='word_1_227' title='bbox 376 3407 473 3455; x_wconf 80' lang='lat' dir='ltr'><strong>Latona</strong></span> <span class='ocrx_word' id='word_1_228' title='bbox 490 3407 581 3468; x_wconf 82' lang='lat' dir='ltr'><strong>Apollo</strong></span> <span class='ocrx_word' id='word_1_229' title='bbox 607 3412 631 3455; x_wconf 91' lang='lat' dir='ltr'><strong>et</strong></span> <span class='ocrx_word' id='word_1_230' title='bbox 647 3406 737 3455; x_wconf 82' lang='lat' dir='ltr'><strong>Diana&#39;</strong></span> <span class='ocrx_word' id='word_1_231' title='bbox 759 3408 785 3454; x_wconf 91' lang='lat' dir='ltr'><strong>in</strong></span> <span class='ocrx_word' id='word_1_232' title='bbox 801 3408 823 3454; x_wconf 88' lang='grc' dir='ltr'><strong>Ε</strong></span> <span class='ocrx_word' id='word_1_233' title='bbox 840 3413 897 3469; x_wconf 86' lang='lat' dir='ltr'><strong>post</strong></span> <span class='ocrx_word' id='word_1_234' title='bbox 913 3409 962 3457; x_wconf 73' lang='lat' dir='ltr'><strong>Aa</strong></span> <span class='ocrx_word' id='word_1_235' title='bbox 988 3404 1139 3454; x_wconf 77' lang='lat' dir='ltr'><strong>‘Mercurius’</strong></span> <span class='ocrx_word' id='word_1_236' title='bbox 1161 3411 1282 3466; x_wconf 80' lang='lat' dir='ltr'><strong>apparent</strong></span> <span class='ocrx_word' id='word_1_237' title='bbox 1305 3407 1408 3456; x_wconf 82' lang='lat' dir='ltr'><strong>adiectis</strong></span> 
     </span>
     <span class='ocr_line' id='line_1_29' title="bbox 98 3498 1410 3567; baseline 0.002 -18"><span class='ocrx_word' id='word_1_238' title='bbox 98 3526 100 3531; x_wconf 96' lang='lat'>·</span> <span class='ocrx_word' id='word_1_239' title='bbox 172 3503 212 3550; x_wconf 91' lang='lat' dir='ltr'><strong>his</strong></span> <span class='ocrx_word' id='word_1_240' title='bbox 231 3500 292 3549; x_wconf 65' lang='lat' dir='ltr'><strong>‘ex‘</strong></span> <span class='ocrx_word' id='word_1_241' title='bbox 311 3506 335 3549; x_wconf 92' lang='lat' dir='ltr'><strong>et</strong></span> <span class='ocrx_word' id='word_1_242' title='bbox 353 3501 492 3562; x_wconf 70' lang='lat' dir='ltr'><strong>(corconi.</strong></span> <span class='ocrx_word' id='word_1_243' title='bbox 511 3499 547 3567; x_wconf 80' lang='grc' dir='ltr'><strong>Σ)</strong></span> <span class='ocrx_word' id='word_1_244' title='bbox 564 3506 630 3550; x_wconf 80' lang='lat' dir='ltr'><strong>terro</strong></span> <span class='ocrx_word' id='word_1_245' title='bbox 641 3502 739 3563; x_wconf 88' lang='lat' dir='ltr'><strong>Python</strong></span> <span class='ocrx_word' id='word_1_246' title='bbox 758 3502 832 3550; x_wconf 83' lang='lat' dir='ltr'><strong>draeo</strong></span> <span class='ocrx_word' id='word_1_247' title='bbox 850 3502 957 3550; x_wconf 81' lang='lat' dir='ltr'><strong>divinus.</strong></span> <span class='ocrx_word' id='word_1_248' title='bbox 976 3518 1006 3549; x_wconf 88' lang='lat' dir='ltr'><strong>ex</strong></span> <span class='ocrx_word' id='word_1_249' title='bbox 1015 3498 1180 3548; x_wconf 71' lang='lat' dir='ltr'><strong>thaumante*</strong></span> <span class='ocrx_word' id='word_1_250' title='bbox 1198 3505 1222 3547; x_wconf 89' lang='lat' dir='ltr'><strong>et</strong></span> <span class='ocrx_word' id='word_1_251' title='bbox 1238 3500 1281 3549; x_wconf 88' lang='lat' dir='ltr'><strong>iris</strong></span> <span class='ocrx_word' id='word_1_252' title='bbox 1299 3501 1410 3564; x_wconf 82' lang='lat' dir='ltr'><strong>harpyae</strong></span> 
     </span>
     <span class='ocr_line' id='line_1_30' title="bbox 172 3592 1409 3661; baseline 0.001 -18"><span class='ocrx_word' id='word_1_253' title='bbox 172 3598 271 3644; x_wconf 86' lang='lat' dir='ltr'><strong>caeleno</strong></span> <span class='ocrx_word' id='word_1_254' title='bbox 290 3601 393 3658; x_wconf 87' lang='lat' dir='ltr'><strong>oeypete</strong></span> <span class='ocrx_word' id='word_1_255' title='bbox 404 3595 518 3657; x_wconf 86' lang='lat' dir='ltr'><strong>podarce&#39;</strong></span> <span class='ocrx_word' id='word_1_256' title='bbox 538 3593 548 3661; x_wconf 80' lang='grc' dir='ltr'><strong>ΙΙ</strong></span> <span class='ocrx_word' id='word_1_257' title='bbox 568 3596 753 3643; x_wconf 79' lang='lat' dir='ltr'><strong>mnemosineH</strong></span> <span class='ocrx_word' id='word_1_258' title='bbox 800 3596 977 3657; x_wconf 76' lang='lat' dir='ltr'><strong>opanolonu</strong></span> <span class='ocrx_word' id='word_1_259' title='bbox 993 3592 1085 3643; x_wconf 56' lang='lat' dir='ltr'><strong>corr}</strong></span> <span class='ocrx_word' id='word_1_260' title='bbox 1131 3596 1162 3643; x_wconf 86' lang='lat'><strong>11</strong></span> <span class='ocrx_word' id='word_1_261' title='bbox 1181 3595 1330 3643; x_wconf 86' lang='lat' dir='ltr'><strong>telesroidne</strong></span> <span class='ocrx_word' id='word_1_262' title='bbox 1347 3599 1409 3645; x_wconf 90' lang='lat' dir='ltr'><strong>mol-</strong></span> 
     </span>
     <span class='ocr_line' id='line_1_31' title="bbox 172 3689 1408 3752; baseline 0.002 -16"><span class='ocrx_word' id='word_1_263' title='bbox 172 3691 258 3752; x_wconf 85' lang='lat' dir='ltr'><strong>phetes</strong></span> <span class='ocrx_word' id='word_1_264' title='bbox 274 3690 341 3739; x_wconf 85' lang='lat' dir='ltr'><strong>tione</strong></span> <span class='ocrx_word' id='word_1_265' title='bbox 357 3691 379 3737; x_wconf 90' lang='grc' dir='ltr'><strong>Ε</strong></span> <span class='ocrx_word' id='word_1_266' title='bbox 397 3692 479 3751; x_wconf 88' lang='lat' dir='ltr'><strong>molpe</strong></span> <span class='ocrx_word' id='word_1_267' title='bbox 497 3691 545 3739; x_wconf 89' lang='lat' dir='ltr'><strong>Soh</strong></span> <span class='ocrx_word' id='word_1_268' title='bbox 562 3689 644 3750; x_wconf 91' lang='lat' dir='ltr'><strong>molpe</strong></span> <span class='ocrx_word' id='word_1_269' title='bbox 661 3690 786 3750; x_wconf 83' lang='lat' dir='ltr'><strong>thelxiope</strong></span> <span class='ocrx_word' id='word_1_270' title='bbox 803 3692 842 3737; x_wconf 91' lang='lat' dir='ltr'><strong>Bu</strong></span> <span class='ocrx_word' id='word_1_271' title='bbox 894 3693 925 3739; x_wconf 75' lang='lat'><strong>12</strong></span> <span class='ocrx_word' id='word_1_272' title='bbox 944 3690 1058 3738; x_wconf 84' lang='lat' dir='ltr'><strong>PersaF</strong></span> <span class='ocrx_word' id='word_1_273' title='bbox 1081 3704 1136 3737; x_wconf 87' lang='lat' dir='ltr'><strong>corr</strong></span> <span class='ocrx_word' id='word_1_274' title='bbox 1153 3690 1192 3735; x_wconf 91' lang='lat' dir='ltr'><strong>Bu</strong></span> <span class='ocrx_word' id='word_1_275' title='bbox 1244 3691 1275 3736; x_wconf 82' lang='lat'><strong>13</strong></span> <span class='ocrx_word' id='word_1_276' title='bbox 1294 3691 1408 3751; x_wconf 78' lang='lat' dir='ltr'><strong>elytiaF</strong></span> 
     </span>
     <span class='ocr_line' id='line_1_32' title="bbox 171 3782 1408 3847; baseline 0.002 -16"><span class='ocrx_word' id='word_1_277' title='bbox 171 3786 231 3844; x_wconf 83' lang='lat' dir='ltr'><strong>idya</strong></span> <span class='ocrx_word' id='word_1_278' title='bbox 248 3785 298 3832; x_wconf 86' lang='lat' dir='ltr'><strong>Mic</strong></span> <span class='ocrx_word' id='word_1_279' title='bbox 352 3789 383 3833; x_wconf 82' lang='lat'><strong>14</strong></span> <span class='ocrx_word' id='word_1_280' title='bbox 406 3786 514 3846; x_wconf 79' lang='lat' dir='ltr'><strong>phaeton</strong></span> <span class='ocrx_word' id='word_1_281' title='bbox 538 3790 562 3833; x_wconf 91' lang='lat' dir='ltr'><strong>et</strong></span> <span class='ocrx_word' id='word_1_282' title='bbox 584 3784 755 3845; x_wconf 83' lang='lat' dir='ltr'><strong>phaetontides</strong></span> <span class='ocrx_word' id='word_1_283' title='bbox 773 3785 794 3830; x_wconf 91' lang='grc' dir='ltr'><strong>Ε</strong></span> <span class='ocrx_word' id='word_1_284' title='bbox 812 3783 823 3847; x_wconf 86' lang='grc' dir='ltr'><strong>ΙΙ</strong></span> <span class='ocrx_word' id='word_1_285' title='bbox 847 3784 980 3831; x_wconf 80' lang='lat' dir='ltr'><strong>meroreF</strong></span> <span class='ocrx_word' id='word_1_286' title='bbox 1004 3798 1059 3831; x_wconf 87' lang='lat' dir='ltr'><strong>corr</strong></span> <span class='ocrx_word' id='word_1_287' title='bbox 1084 3782 1132 3830; x_wconf 81' lang='lat' dir='ltr'><strong>Soh</strong></span> <span class='ocrx_word' id='word_1_288' title='bbox 1185 3785 1217 3832; x_wconf 81' lang='lat'><strong>15</strong></span> <span class='ocrx_word' id='word_1_289' title='bbox 1241 3783 1333 3831; x_wconf 81' lang='lat' dir='ltr'><strong>etheria</strong></span> <span class='ocrx_word' id='word_1_290' title='bbox 1356 3786 1408 3833; x_wconf 89' lang='lat' dir='ltr'><strong>dio·</strong></span> 
     </span>
     <span class='ocr_line' id='line_1_33' title="bbox 172 3875 1409 3944; baseline 0.002 -17"><span class='ocrx_word' id='word_1_291' title='bbox 172 3894 254 3942; x_wconf 84' lang='lat' dir='ltr'><strong>xyppe</strong></span> <span class='ocrx_word' id='word_1_292' title='bbox 271 3880 292 3926; x_wconf 90' lang='grc' dir='ltr'><strong>Ε</strong></span> <span class='ocrx_word' id='word_1_293' title='bbox 310 3893 365 3926; x_wconf 87' lang='lat' dir='ltr'><strong>corr</strong></span> <span class='ocrx_word' id='word_1_294' title='bbox 382 3878 444 3938; x_wconf 79' lang='lat' dir='ltr'><strong>Soh3</strong></span> <span class='ocrx_word' id='word_1_295' title='bbox 471 3878 613 3927; x_wconf 85' lang='lat' dir='ltr'><strong>exciderunt</strong></span> <span class='ocrx_word' id='word_1_296' title='bbox 628 3879 706 3938; x_wconf 81' lang='lat' dir='ltr'><strong>Aegle</strong></span> <span class='ocrx_word' id='word_1_297' title='bbox 724 3879 852 3939; x_wconf 76' lang='lat' dir='ltr'><strong>Lampetie</strong></span> <span class='ocrx_word' id='word_1_298' title='bbox 869 3879 968 3926; x_wconf 88' lang='lat' dir='ltr'><strong>Phoebe</strong></span> <span class='ocrx_word' id='word_1_299' title='bbox 993 3877 1033 3944; x_wconf 85' lang='lat' dir='ltr'><strong>(cf.</strong></span> <span class='ocrx_word' id='word_1_300' title='bbox 1051 3875 1139 3940; x_wconf 84' lang='lat' dir='ltr'><strong>CLIV)</strong></span> <span class='ocrx_word' id='word_1_301' title='bbox 1192 3880 1223 3927; x_wconf 88' lang='grc'><strong>16</strong></span> <span class='ocrx_word' id='word_1_302' title='bbox 1242 3876 1328 3925; x_wconf 78' lang='lat' dir='ltr'><strong>Orthoo</strong></span> <span class='ocrx_word' id='word_1_303' title='bbox 1351 3881 1409 3929; x_wconf 89' lang='lat' dir='ltr'><strong>coni</strong></span> 
     </span>
     <span class='ocr_line' id='line_1_34' title="bbox 172 3970 1408 4037; baseline 0 -15"><span class='ocrx_word' id='word_1_304' title='bbox 172 3975 279 4023; x_wconf 83' lang='lat' dir='ltr'><strong>Bursian</strong></span> <span class='ocrx_word' id='word_1_305' title='bbox 326 3977 357 4022; x_wconf 74' lang='lat'><strong>17</strong></span> <span class='ocrx_word' id='word_1_306' title='bbox 377 3973 530 4022; x_wconf 70' lang='lat' dir='ltr'><strong>foeminaeh*</strong></span> <span class='ocrx_word' id='word_1_307' title='bbox 548 3987 603 4021; x_wconf 89' lang='lat' dir='ltr'><strong>corr</strong></span> <span class='ocrx_word' id='word_1_308' title='bbox 620 3971 659 4018; x_wconf 92' lang='lat' dir='ltr'><strong>Bu</strong></span> <span class='ocrx_word' id='word_1_309' title='bbox 705 3974 737 4020; x_wconf 92' lang='lat'><strong>18</strong></span> <span class='ocrx_word' id='word_1_310' title='bbox 756 3972 835 4034; x_wconf 74' lang='lat' dir='ltr'><strong>[peram</strong></span> <span class='ocrx_word' id='word_1_311' title='bbox 852 3972 957 4021; x_wconf 80' lang='lat' dir='ltr'><strong>herculeo</strong></span> <span class='ocrx_word' id='word_1_312' title='bbox 973 3971 1097 4033; x_wconf 77' lang='lat' dir='ltr'><strong>interemit]</strong></span> <span class='ocrx_word' id='word_1_313' title='bbox 1109 3971 1215 4020; x_wconf 81' lang='lat' dir='ltr'><strong>Bursian</strong></span> <span class='ocrx_word' id='word_1_314' title='bbox 1236 3970 1246 4037; x_wconf 79' lang='grc' dir='ltr'><strong>ΙΙ</strong></span> <span class='ocrx_word' id='word_1_315' title='bbox 1266 3973 1408 4022; x_wconf 68' lang='lat' dir='ltr'><strong>chimeralil</strong></span> 
     </span>
     <span class='ocr_line' id='line_1_35' title="bbox 177 4066 535 4122; baseline -0.022 -2"><span class='ocrx_word' id='word_1_316' title='bbox 177 4073 208 4122; x_wconf 82' lang='lat'><strong>23</strong></span> <span class='ocrx_word' id='word_1_317' title='bbox 228 4070 345 4119; x_wconf 81' lang='lat' dir='ltr'><strong>callirhoe</strong></span> <span class='ocrx_word' id='word_1_318' title='bbox 362 4069 383 4116; x_wconf 91' lang='grc' dir='ltr'><strong>Ε</strong></span> <span class='ocrx_word' id='word_1_319' title='bbox 401 4082 455 4115; x_wconf 89' lang='lat' dir='ltr'><strong>corr</strong></span> <span class='ocrx_word' id='word_1_320' title='bbox 472 4066 535 4113; x_wconf 73' lang='lat' dir='ltr'><strong>Mic⁹</strong></span> 
     </span>
    </p>
   </div>
   <div class='ocr_carea' id='block_1_4' title="bbox 0 0 1551 4950">
    <p class='ocr_par' dir='ltr' id='par_1_4' title="bbox 0 0 1551 4950">
     <span class='ocr_line' id='line_1_36' title="bbox 0 0 1551 4950; baseline 0 0"><span class='ocrx_word' id='word_1_321' title='bbox 0 0 1551 4950; x_wconf 95' lang='lat' dir='ltr'><strong> </strong></span> 
     </span>
    </p>
   </div>
  </div>
 </body>
</html>
