3082 4950
809 201 829 264 6

295 354 349 438 qui
359 359 513 438 cognatos
525 371 601 421 suos
613 353 798 421 oeciderunt
933 352 973 434 (*)
982 356 1111 432 noctua)

210 466 274 531 245
296 466 349 550 qui
366 485 494 533 soceros
511 471 544 532 et
558 453 694 549 generos
716 465 797 532 occi·
933 463 973 547 (⁹⁶)
983 465 1090 545 Ceres)

224 616 227 637 2
337 575 469 663 derluntl
933 576 1001 660 (qui
1020 575 1152 642 fulmine
1172 576 1228 644 icti
1248 581 1337 657 sunt)

295 689 350 773 qui
370 688 453 756 lilios
473 689 506 755 in
529 688 631 772 epulis
652 704 798 756 consum·
848 688 912 753 265
934 688 1001 771 (qui
1017 688 1198 770 aNeptuno
1209 688 1372 771 perierunt
1384 689 1439 754 vel

337 798 487 885 pserluntl
976 799 1438 879 aMerouriovelaMinerva)

295 911 520 996 quiacauibus
532 910 712 993 consumpti
722 916 798 976 sunt
935 911 1002 993 (qni
1024 909 1064 976 ab
1086 909 1233 993 Apolline
1259 910 1439 994 perierunt)

296 1023 349 1107 qui
361 1023 402 1089 ab
417 1041 496 1106 apro
511 1020 658 1106 percussi
671 1020 798 1089 interie-
935 1027 1030 1104 (quae
1072 1020 1334 1088 bellicosissimae
1369 1022 1439 1089 fue-

338 1138 414 1200 runt
976 1137 1063 1226 runt)
1378 1204 1382 1214 ,

297 1245 384 1312 faces
407 1244 584 1312 sceleratae
934 1243 1001 1327 (qui
1030 1243 1196 1312 fortissimi
1225 1245 1339 1312 heroes
1370 1245 1440 1312 fue-

211 1358 275 1422 250
295 1357 470 1440 quadrigae
479 1374 562 1439 quae
572 1359 713 1422 rectores
722 1374 798 1422 suos
975 1359 1062 1436 runt)

190 1554 197 1567 N
339 1469 549 1550 perdiderunt
935 1466 1002 1550 (qui
1024 1466 1212 1549 amplissimi
1233 1467 1375 1548 fuerunt)

297 1579 352 1662 qui
374 1579 414 1645 ab
435 1579 544 1646 inferis
566 1578 731 1646 redierunt
850 1580 913 1646 270
934 1578 989 1660 qui
1010 1577 1233 1645 formosissimi
1254 1578 1383 1646 fuerunt

297 1691 351 1773 qui
366 1692 458 1757 ‘lacte
473 1689 584 1758 ferino'
597 1689 710 1758 nutriti
725 1694 800 1756 sunt
935 1689 989 1772 qui
1004 1688 1119 1773 ephebi
1132 1688 1354 1756 formosissimi
1370 1690 1440 1756 fue-

298 1820 380 1885 quae
409 1805 519 1869 contra
546 1803 597 1869 ias
624 1801 799 1869 concubue-
977 1798 1067 1886 nluntl

339 1917 416 1978 runt
938 1910 1069 1992 (iudicia
1090 1910 1318 1994 parricidarum
1335 1912 1441 1996 quiin

298 2043 380 2107 quae
392 2024 466 2107 piae
477 2024 607 2090 fuerunt
620 2025 672 2091 vel
686 2025 741 2108 qui
755 2024 800 2107 pii
979 2041 1140 2105 areopago
1178 2041 1307 2090 causam
1351 2024 1441 2091 dixe-

214 2135 277 2200 255
298 2153 381 2218 quae
402 2134 518 2218 impiae
539 2136 667 2202 fuerunt
978 2139 1066 2215 runt)

299 2265 381 2330 quae
403 2247 604 2314 castissimae
625 2247 754 2315 luerunt
937 2246 991 2329 qui
1009 2244 1103 2328 primi
1117 2245 1211 2312 ludos
1225 2245 1369 2312 fecerunt
1385 2266 1441 2313 us-

299 2359 353 2442 qui
367 2357 452 2425 inter
469 2377 505 2424 so
520 2358 612 2425 amici
628 2364 661 2425 et
672 2359 800 2425 coniun·
979 2376 1040 2440 que
1062 2358 1105 2423 ad
1126 2359 1267 2424 Aeneam
1293 2357 1439 2441 quintum

341 2468 475 2536 ctissimi
495 2469 625 2536 fuerunt
981 2468 1137 2535 decimum

297 2580 441 2648 *Atreus
463 2585 496 2648 et
517 2581 675 2665 Thmstes
938 2579 993 2663 qni
1014 2579 1092 2663 quid
1112 2579 1254 2646 invenit

298 2691 471 2775 *Lynceus
852 2691 915 2758 275
938 2691 1057 2775 oppido
1069 2690 1123 2775 qui
1137 2709 1219 2774 quae
1231 2691 1443 2759 condiderunt

213 2804 278 2869 260
298 2803 410 2886 *Eryx
937 2803 1062 2870 insulae
1083 2803 1240 2869 maximae

298 2913 546 2997 *Agamemnon
588 2915 643 2999 qni
677 2914 801 2982 Dianae
936 2933 1043 2980 rerum
1064 2913 1247 2981 inventores
1267 2912 1370 2996 primi.

342 3043 466 3092 cervam
488 3024 619 3109 ignarus
641 3026 757 3093 occidit

283 3261 470 3310 *roo-*am
488 3259 587 3321 spuriae
604 3263 662 3307 sunt
676 3273 706 3308 ax
723 3257 809 3308 Servio
826 3259 944 3320 ingestae,
962 3258 1033 3309 *262
1053 3263 1078 3307 st
1094 3257 1163 3310 *263
1178 3260 1203 3307 in
1221 3259 1275 3321 ipso
1292 3258 1357 3307 libro
1375 3272 1442 3306 nune

214 3355 384 3404 desiderantur
401 3369 452 3403 una
467 3368 523 3403 oum
539 3369 582 3404 sex
598 3352 758 3415 sequentibus
775 3358 800 3403 at
816 3353 900 3402 fabule
912 3353 1050 3403 CCLXXII
