3082 4950
808 237 870 302 116

220 411 318 475 posse
333 391 417 473 fieri,
447 391 552 457 Minos
573 390 662 457 iubet
686 410 756 456 eum
782 408 852 456 oum
875 409 974 473 puero
998 391 1030 456 in
1052 397 1255 458 monumento
1282 392 1404 458 includi
1424 397 1457 458 et

221 504 362 585 gladium
378 503 461 584 poni.
484 503 536 585 qui
552 521 622 568 cum
638 503 752 567 inclusi
769 506 887 582 esseut,
909 502 1005 567 draco
1022 508 1154 584 repente
1172 504 1213 568 ad
1231 522 1347 586 corpus
1365 505 1456 586 pueri

220 615 393 696 processit,
423 616 506 696 quod
532 614 684 696 Polyidus
711 613 897 678 existimaus
924 632 996 678 eum
1020 614 1102 679 velle
1130 632 1315 681 consumere
1347 615 1456 697 gladio

220 732 352 808 repente
373 726 533 807 percussit
557 731 589 790 et
611 725 734 790 occidit.
766 725 867 790 altera
894 743 1027 805 serpeus
1052 744 1163 806 parem
1191 744 1349 807 quaerens
1375 727 1457 792 vidit

191 837 292 904 beam
315 837 513 903 interfectam
534 841 566 902 et
586 855 760 919 progressa
779 835 911 900 herbam
934 837 1043 902 attulit
1065 840 1160 918 atque
1184 837 1252 902 eius
1275 842 1366 903 tactu
1390 857 1457 904 ser-

221 948 309 1030 penti
327 949 472 1030 spiritum
493 948 650 1013 restituit:
672 948 819 1028 idemque
833 947 985 1029 Polyidus
1000 945 1084 1012 fecit.
1106 948 1160 1028 qui
1178 965 1248 1013 cum
1264 947 1353 1014 intus
1371 950 1456 1014 voci-

220 1059 415 1139 ferarentur,
443 1059 570 1140 quidam
589 1059 788 1140 praeteriens
812 1058 914 1122 Minoi
937 1058 1110 1138 nuntiauit3
1141 1058 1195 1140 qui
1214 1066 1456 1125 monumentum

220 1171 313 1236 iussit
332 1170 447 1252 aperiri
468 1176 501 1235 et
517 1169 616 1234 filium
631 1170 819 1235 incolumem
839 1171 1053 1251 recuperavit,
1074 1169 1242 1252 Polyidum
1257 1189 1329 1236 cum
1345 1171 1456 1237 multis

220 1282 402 1347 muneribus
424 1281 457 1346 in
480 1281 616 1363 patriam
637 1281 768 1346 remisit.

606 1496 621 1538 f
662 1477 845 1561 {CXXXVII
867 1477 1005 1562 Meropel

170 1618 210 1682 10
304 1614 520 1696 Polyphontes
547 1613 727 1680 Messeniae
754 1634 810 1680 rex
833 1613 1062 1695 Cresphontem
1085 1613 1298 1679 Aristomachi
1323 1613 1455 1680 filium*

219 1743 290 1790 cum
312 1725 525 1792 interfecisset
548 1726 616 1790 eius
638 1727 805 1805 imperium
828 1730 860 1791 et
881 1727 1034 1806 Meropen
1057 1745 1185 1792 uxorem
1206 1725 1355 1807 possedit

305 1836 393 1917 [Cum
421 1856 483 1918 quo
510 1837 727 1919 Polyphontes
756 1837 860 1903 occiso
887 1837 1086 1918 Cresphonte
1110 1856 1242 1919 regnum
1272 1838 1454 1919 occupavit}

217 1948 316 2013 lilium
340 1952 447 2013 autem
470 1948 538 2012 eius
558 1947 710 2014 infantem
728 1949 858 2029 Merope
880 1952 983 2013 mater
1000 1951 1105 2030 [quem
1123 1968 1161 2015 ex
1179 1948 1379 2030 Cresphonte
1396 1950 1455 2014 ha·

218 2059 327 2140 bebat]
358 2060 514 2124 absconse
546 2059 587 2123 ad
613 2059 772 2140 hospitem
802 2060 834 2123 iu
860 2059 1018 2124 Aetoliam
1044 2060 1216 2125 mandavit.
1249 2061 1332 2125 bunc
1360 2060 1456 2143 Poly·

170 2171 356 2253 15phontes
374 2171 510 2235 maxima
534 2188 603 2235 cum
622 2170 781 2235 industria
804 2170 977 2251 quaerebat
993 2189 1167 2253 aurumque
1190 2171 1401 2253 pollicebatur
1426 2172 1456 2236 si

219 2282 290 2363 quis
315 2300 387 2346 eum
404 2286 561 2347 necasset.
593 2282 646 2364 qui
664 2286 833 2364 postquam
858 2282 899 2346 ad
923 2282 1076 2363 puberem
1098 2287 1237 2349 aetatem
1254 2282 1344 2348 venit
1367 2283 1456 2365 capit

219 2393 399 2474 consilium,
422 2397 457 2458 ut
476 2398 651 2476 exequatur
673 2393 776 2475 patris
800 2397 832 2458 et
856 2392 989 2458 fratrum
1007 2398 1149 2459 mortem.
1178 2394 1287 2476 itaque
1304 2394 1394 2460 venit
1410 2387 1456 2460 ad

217 2524 325 2588 regem
348 2504 579 2586 Polyphontem
605 2524 717 2571 aurum
741 2505 890 2588 petitum,
924 2505 1032 2570 dicens
1059 2523 1095 2570 se
1121 2505 1328 2587 Cresphontis
1350 2505 1453 2571 inter·

215 2616 332 2682 fecisse
354 2616 453 2682 lilium
476 2622 509 2682 et
532 2617 681 2699 Meropes
708 2617 944 2698 Telephontem.
973 2617 1100 2681 interim
1123 2636 1177 2682 rex
1201 2635 1272 2682 eum
1295 2617 1394 2682 iussit
1416 2617 1452 2683 in

163 2727 354 2809 POhospitio
371 2746 515 2808 manere,
545 2729 736 2811 etamplius
759 2730 799 2794 de
824 2747 862 2793 eo
885 2727 1092 2810 perquireret.
1120 2728 1175 2809 qui
1194 2746 1263 2793 cum
1282 2747 1340 2810 per
1354 2728 1452 2795 lassi·

214 2839 360 2904 tudinem
379 2838 605 2919 obdormisset,
629 2858 724 2905 senex
742 2840 795 2922 qui
811 2838 893 2904 inter
909 2846 1043 2905 matrem
1062 2838 1210 2904 etlilium
1228 2839 1451 2906 internuncius

215 2954 300 3030 erat,
323 2948 402 3014 flens
426 2950 468 3014 ad
484 2949 635 3030 Meropen
661 2950 748 3015 veuit
773 2969 895 3032 negans
921 2969 992 3015 eum
1009 2950 1095 3032 apud
1115 2951 1274 3032 hospitem
1291 2968 1366 3017 esse
1391 2970 1452 3018 nec

215 3079 408 3142 comparere.
459 3060 589 3141 Merope
619 3062 752 3127 credens
779 3080 850 3126 eum
874 3079 946 3127 esse
973 3061 1030 3126 filii
1061 3061 1111 3127 sui
1136 3061 1371 3128 interfectorem
1396 3064 1453 3145 qui

215 3171 407 3251 dormiebat,
435 3171 469 3235 in
486 3171 692 3237 chalcidicum
711 3191 782 3238 cum
805 3173 909 3239 securi
924 3172 1011 3239 venit
1030 3171 1145 3253 inscia,
1175 3176 1211 3237 ut
1228 3172 1327 3237 lilium
1354 3192 1452 3239 suum

161 3284 204 3350 25
213 3282 421 3348 interficeret:
451 3301 546 3365 quem
574 3301 671 3349 senex
696 3285 845 3369 cognovit
869 3289 902 3349 et
926 3290 1061 3350 matrem
1089 3284 1129 3349 ab
1159 3285 1278 3350 scelere
1303 3285 1451 3351 retraxit

212 3397 343 3477 Merope
365 3399 535 3477 postquam
557 3395 638 3461 vidit
663 3397 861 3463 occasionem
889 3395 950 3462 sibi
974 3396 1082 3461 datam
1108 3414 1180 3461 esse
1200 3396 1240 3461 ab
1259 3394 1389 3462 inimico
1413 3417 1451 3464 se

211 3507 384 3572 ulciscendi
413 3506 498 3572 redit
522 3525 592 3573 cum
614 3509 814 3591 Polyphonte
836 3510 869 3574 in
895 3508 1040 3590 gratiam
1069 3525 1126 3572 rex
1150 3507 1255 3573 laetus
1280 3524 1350 3572 cum
1380 3527 1451 3575 rem

211 3761 226 3807 3
245 3756 378 3806 aestimans
396 3755 531 3813 Fcere}
590 3745 789 3819 lobrepeatemt
846 3759 932 3805 deum
949 3756 1114 3817 intersectum?
1172 3757 1312 3816 eidemque
1330 3752 1451 3824 lpuerolt

281 3848 431 3916 {CXXXVII
448 3848 552 3917 merope}
572 3852 620 3898 add
636 3851 752 3913 MicyMus
806 3852 837 3900 10
857 3849 886 3917 {et
901 3851 972 3911 filios
995 3853 1045 3899 eiua
1069 3849 1172 3917 edoceat
1193 3851 1313 3899 excidisse
1330 3863 1403 3912 susp.
1423 3851 1449 3903 Σ

181 3997 184 4002 ,
211 3947 241 3993 11
260 3945 417 4006 meropemF
435 3959 490 3992 corr
501 3945 543 3992 Mu
561 3942 571 4011 ll
589 3946 654 3992 ‘vide
671 3946 745 3993 latius
763 3945 827 3993 infra
843 3945 869 3992 in
881 3944 999 3993 Pentheo’
1018 3946 1075 3993 Mic.
1088 3946 1103 3993 i.
1117 3960 1142 3992 m
1160 3944 1194 4009 (h.
1209 3961 1229 3993 e.
1247 3960 1271 4006 p.
1285 3947 1328 4005 38,
1346 3945 1377 4011 4)

280 4043 319 4088 12.
339 4043 370 4088 13
389 4043 452 4085 ‘cum
471 4076 476 4084 .
492 4074 517 4085 ..
536 4038 674 4100 occupavit’
691 4044 716 4087 et
733 4044 813 4099 ‘quem
832 4073 838 4086 .
858 4077 863 4086 .
884 4075 890 4087 .
908 4039 1025 4088 habebat’
1043 4040 1113 4087 illata
1131 4039 1163 4086 ab
1182 4053 1297 4098 ecesse,
1320 4039 1362 4097 qui
1383 4041 1450 4089 haec

209 4135 345 4182 narrationi
363 4136 393 4182 de
411 4133 520 4180 Pentheo
538 4139 562 4181 et
579 4133 663 4194 Agaue
681 4132 916 4182 fab.·CLXXXIIII
933 4137 1050 4195 adaptare
1069 4138 1171 4182 conatus
1189 4137 1227 4181 est
1242 4131 1366 4179 intellexit
1384 4135 1449 4182 Bur-

208 4229 263 4278 sian
280 4231 326 4276 IIB
344 4229 425 4277 XCIII
442 4242 466 4286 p.
480 4230 542 4286 773,
562 4228 594 4275 26
656 4227 686 4274 19
705 4228 850 4287 meropisl*
874 4243 928 4276 corr
946 4231 988 4277 Mu
1009 4227 1019 4294 ss
1040 4226 1152 4275 ‘interim’
1176 4231 1233 4287 post
1261 4226 1450 4278 ‘obdormIsset'

209 4328 342 4371 retractum
365 4319 477 4371 malitE
537 4323 568 4370 22
587 4321 750 4381 meropemF
772 4335 827 4368 corr
843 4322 886 4369 Mu
946 4324 978 4370 26
996 4321 1102 4370 venltF
1126 4320 1190 4368 videt
1205 4320 1261 4367 Mic.
1286 4320 1348 4368 videt
1365 4323 1448 4372 Barth

212 4417 302 4465 inentia
320 4417 368 4465 aab
