3082 4950
670 217 825 297 Ι70

672 454 807 520 XXXXI
829 454 934 520 Minos

278 590 382 656 Minos
404 589 490 655 Iovis
513 595 546 656 et
566 591 716 673 Europae
736 590 821 656 filius
852 609 922 656 cum
944 591 1192 656 Atheniensibus
1213 586 1427 673 belligeravit,

195 702 284 767 ouius
305 701 389 767 fillus
406 702 595 784 Androgeus
617 703 775 784 inpugna
796 706 847 767 est
863 701 995 767 oocIsus.
1026 701 1081 784 qui
1102 707 1313 784 posteaquam
1328 702 1426 767 Atha

195 812 321 879 aienses
351 812 440 892 vicit,
467 813 604 895 vectigal
634 813 750 879 Minois
771 818 850 878 'esse
877 818 1055 894 ooepemnt.
1087 812 1227 878 instituit
1255 816 1428 877 autemut

196 930 278 987 anno
310 930 497 1006 unoquoque
525 929 675 1007 septenos
702 923 819 988 hberos
849 941 926 989 suos
948 923 1129 990 Minotauro
1159 924 1200 988 ad
1229 923 1428 1005 epulandum

166 1028 369 1098 omitterent.
400 1034 543 1100 Iheseus
559 1040 769 1117 posteaquam
786 1034 980 1099 aTroezene
994 1039 1125 1099 venerat
1141 1039 1173 1099 et
1188 1034 1291 1099 audiit
1306 1040 1429 1117 quauta

198 1145 379 1210 calamitate
409 1144 521 1210 civitas
550 1144 730 1211 afficeretur
756 1145 935 1210 voluntarie
965 1163 1000 1210 se
1027 1146 1069 1210 ad
1091 1144 1307 1211 Minotaurum
1336 1144 1430 1227 polli-

198 1255 279 1320 oitus
307 1260 357 1322 est
384 1256 439 1320 ire.
472 1274 565 1338 quem
592 1261 686 1338 pater
712 1274 782 1322 oum
804 1255 946 1321 mitteret
971 1256 1131 1339 praedixit
1157 1257 1186 1323 ei
1213 1260 1250 1320 ut
1276 1255 1307 1321 si
1327 1255 1431 1321 viator

198 1370 410 1432 reverteretur
431 1366 503 1432 vela
524 1369 661 1433 candida
681 1368 714 1433 in
736 1386 848 1433 navem
875 1367 1023 1433 haberet:
1054 1368 1109 1449 qui
1132 1371 1238 1433 autem
1261 1368 1304 1433 ad
1326 1366 1431 1433 Mino·

198 1482 324 1542 taumm
347 1477 555 1543 mittebantur
574 1479 655 1545 velis
677 1479 756 1546 atris
778 1478 981 1560 navigabant.

474 1675 626 1740 XXXXII
647 1676 791 1742 Theseus
814 1677 901 1757 apud
922 1676 1138 1742 Minotaumm

149 1813 190 1878 10
284 1810 427 1876 Theseus
449 1815 659 1893 posteaquam
682 1813 809 1879 Cretam
830 1812 918 1878 venit
934 1813 975 1879 ab
994 1812 1135 1878 Ariadne
1151 1809 1267 1875 Minois
1285 1808 1355 1875 filia
1382 1813 1433 1874 est

201 1923 378 1999 adamatus,
401 1921 481 1999 adeo
505 1927 540 1987 ut
557 1921 686 1989 fratrem
705 1923 857 2004 proderet
878 1929 910 1990 et
927 1924 1086 2007 hospitem
1108 1927 1267 1988 seruaret:
1290 1939 1331 1987 ea
1348 1921 1433 1986 euim

201 2033 325 2099 Theseo
347 2036 536 2098 monstravit
555 2033 729 2115 labyrinthi
758 2034 885 2099 exitum.
915 2053 977 2117 quo
1000 2035 1143 2100 Theseus
1172 2051 1243 2099 cum
1264 2031 1435 2097 introisset

202 2151 235 2210 et
249 2144 463 2211 Minotaurum
478 2144 695 2210 interfecisset
705 2145 862 2210 Ariadnes
877 2146 1000 2211 monitu
1014 2145 1122 2211 lioium
1136 2144 1330 2210 revolvendo
1344 2143 1434 2209 foras

202 2261 253 2322 est
274 2275 438 2338 egressus,
469 2275 601 2338 eamque
623 2256 707 2339 quod
728 2255 823 2322 fidem
850 2255 898 2322 illi
926 2257 1059 2322 dederat
1085 2255 1117 2321 in
1148 2253 1293 2338 coniugio
1324 2272 1434 2321 secum

152 2365 371 2435 mustitanus
395 2369 508 2435 avexit

651 2562 821 2629 XXXXIH.
840 2561 981 2628 Ariadne
1029 2650 1034 2659 1

289 2701 432 2767 Theseus
446 2701 599 2767 ininsula
616 2700 678 2766 Dia
693 2703 887 2781 tempestate
901 2703 1044 2765 retentus
1060 2698 1206 2781 eogitans
1223 2697 1252 2763 si
1269 2696 1435 2763 Ariadnen

204 2812 237 2877 in
259 2812 396 2893 patriam
415 2816 577 2894 portasset
599 2810 660 2876 sibi
676 2809 880 2892 opprobrium
895 2809 1046 2892 hrtumm,
1067 2809 1176 2891 itaque
1195 2808 1229 2873 in
1250 2807 1360 2873 insula
1373 2807 1435 2873 Dia

205 2921 414 2987 dormientem
441 2921 577 3003 reliquit
611 2938 705 3002 quam
733 2919 831 2986 Liber
860 2938 971 2987 amans
998 2921 1073 2986 inde
1101 2920 1163 2986 sihi
1190 2919 1224 2985 in
1253 2917 1436 3000 coniugium

206 3032 346 3098 abduxit.
385 3032 528 3098 Theseus
553 3035 660 3097 autem
684 3048 754 3096 cum
777 3031 943 3114 navigaret
964 3031 1081 3098 ohhtus
1106 3036 1157 3097 est
1181 3029 1252 3097 vela
1276 3032 1352 3096 atra
1367 3047 1435 3095 mu·

156 3143 292 3209 20tare:
315 3141 423 3224 itaque
438 3143 565 3226 Aegeus
587 3147 680 3224 pater
701 3139 771 3207 eius
794 3143 927 3208 credens
945 3143 1102 3209 Theseum
1124 3140 1342 3207 aMinotauro
1364 3157 1436 3207 esse

208 3258 429 3336 consumptum
450 3253 484 3318 iu
506 3270 593 3318 mare
615 3273 651 3320 se
673 3251 904 3335 praecipitavit,
925 3272 964 3319 ex
985 3272 1047 3335 quo
1063 3254 1206 3336 Aegeum
1226 3252 1364 3334 pelagus
1387 3254 1436 3317 est

209 3367 335 3431 dictum.
371 3364 535 3430 'Ariadnes
558 3369 664 3431 autem
680 3382 821 3430 sororem
836 3363 1015 3429 Phaedram
1032 3365 1173 3430 Theseus
1196 3362 1286 3428 duxit
1305 3362 1340 3427 in
1363 3380 1435 3428 oon·

207 3496 336 3561 anglum.

651 3656 834 3737 XXXXIIII
856 3670 990 3737 Coenus

294 3810 399 3876 Minos
422 3810 507 3892 quod
528 3807 663 3874 Daedali
691 3825 789 3889 opera
814 3805 916 3871 multa
944 3805 1005 3871 sibi
1026 3806 1226 3871 incommoda
1254 3804 1438 3873 acciderant

160 3921 243 3989 asin
260 3922 400 3990 Siciliam
418 3926 469 3987 est
484 3939 556 3986 eum
577 3923 765 4003 persecutus
781 3916 937 4000 petiitque
958 3935 978 3983 a
999 3936 1075 3999 rege
1090 3915 1205 3982 Cocalo
1227 3918 1264 3979 ut
1281 3914 1345 3981 sibi
1366 3917 1437 3982 red·

278 4103 417 4164 3veotigal
434 4101 525 4150 Minois
549 4101 641 4150 esseF
662 4099 786 4159 aeotipoles
812 4096 918 4164 [Minois]
944 4112 994 4145 asso
1015 4097 1064 4146 Soh
1088 4097 1213 4157 neotipaleo
1232 4096 1312 4144 Minoi
1332 4112 1385 4145 ease
1400 4098 1439 4145 Bu

212 4202 227 4248 8
245 4212 334 4247 navam
351 4198 372 4244 F
390 4197 448 4243 navi
466 4196 521 4243 Mio.
541 4196 556 4243 i.
575 4210 600 4242 m

282 4297 313 4342 lo
330 4292 454 4339 habitarae
472 4290 568 4338 smmi

281 4388 363 4434 XLIII
381 4386 494 4434 ariadnes
512 4386 533 4430 F
551 4400 605 4431 corr
623 4383 707 4431 comm
762 4385 792 4430 16
811 4381 936 4428 ariadnem
954 4380 974 4426 I*
992 4393 1046 4426 oorr
1064 4377 1150 4427 comm
