3082 4950
795 202 824 266 X

199 349 368 416 dammodo
391 371 429 417 eo
452 357 576 435 posset,
608 357 692 437 quod
714 355 844 421 fuerunt
865 357 960 422 etiam
981 357 1035 439 qui
1057 359 1239 439 Neptunum
1262 357 1426 422 Mineruae

198 459 320 527 uictrici
342 469 581 529 succensentem
602 472 718 531 terram
736 469 874 533 Atticam
893 468 1068 534 inundasse
1088 470 1252 534 traderent
1271 474 1304 533 et
1318 470 1423 550 ipsum

201 574 428 655 cataclysmum
458 577 620 657 (Apollod.
635 579 682 641 lll
709 580 761 657 14,
783 580 818 656 5)
846 579 878 645 in
901 580 1015 645 Cranai
1043 584 1197 657 aetatem,
1226 599 1319 662 quem
1341 581 1426 671 Deu-

199 684 330 750 calionis
353 685 451 751 filium
471 688 667 753 Erichthonii
688 709 782 754 avum
795 689 968 772 fingebant,
989 691 1149 756 incidisse.
1171 695 1207 756 at
1228 711 1268 756 ne
1291 691 1336 756 sic
1357 692 1425 772 qui·

199 797 271 860 dem
292 816 355 862 non
372 798 603 864 offenderemus
618 801 650 865 in
668 802 807 882 eoquod
830 802 943 882 capitis
966 803 1117 868 CLXIVA
1139 802 1237 867 uerba
1251 802 1426 867 novissima

198 908 284 990 quod
313 909 466 992 oppidum
495 912 528 972 in
554 914 653 975 torris
680 915 853 996 primunr
887 914 1007 976 dicitur·
1036 934 1104 977 erac
1128 915 1332 976 constitutam
1361 933 1425 978 non

196 1018 278 1083 bene
293 1020 413 1086 coirent
432 1039 502 1086 cum
518 1021 567 1102 iis,
590 1042 671 1104 quaa
691 1042 716 1089 c.
735 1024 863 1089 CXLIX
881 1024 921 1089 de
938 1024 1072 1106 Epapho
1088 1024 1214 1105 primo
1236 1023 1425 1105 oppidorum

196 1129 229 1193 in
248 1131 394 1212 Aegypto
418 1133 579 1199 conditore
601 1134 703 1199 relata
725 1135 870 1200 vidimus
894 1154 1002 1200 verum
1026 1140 1132 1201 tamen
1154 1154 1217 1199 non
1239 1154 1335 1199 unum
1356 1135 1425 1199 illa-

196 1245 262 1305 tum
286 1246 336 1306 est
358 1249 456 1324 caput
471 1244 624 1310 CLXIVA
645 1246 700 1320 (cf.
715 1246 896 1325 COLXXV)
921 1247 978 1311 sed
997 1246 1133 1311 adicitur
1153 1246 1261 1310 fabula
1283 1247 1323 1310 de
1337 1245 1425 1310 tibiis

197 1354 382 1418 aMinerua
402 1355 541 1420 inventis
564 1361 595 1421 et
616 1357 763 1439 Marsyae
786 1376 855 1423 cum
873 1357 1021 1439 Apolline
1043 1358 1224 1422 certamine.
1246 1358 1328 1421 hanc
1350 1375 1426 1421 vero

196 1464 236 1528 ab
259 1465 454 1546 Apollodoro
484 1468 517 1531 in
539 1469 667 1532 exordio
690 1468 794 1549 operis
824 1468 873 1533 sui
895 1468 1046 1533 traditam
1076 1487 1148 1533 esse
1174 1468 1301 1550 ignorat
1322 1487 1426 1549 nemo,

196 1594 298 1657 neque
320 1577 418 1641 verba
433 1579 571 1643 auctoris
589 1580 691 1644 nostri
710 1580 879 1642 ‘Mirmruo
898 1582 992 1644 libius
1008 1602 1048 1643 ca·
1065 1601 1135 1643 osso
1154 1580 1274 1643 dicitur
1293 1583 1426 1643 cornino

193 1689 297 1768 prr-im
308 1709 329 1749 o
349 1686 476 1771 thriare·
501 1708 570 1754 cum
588 1692 701 1773 capitis
718 1691 867 1757 CLXIVA
889 1692 975 1756 exitu
990 1692 1189 1773 comparanti
1205 1691 1333 1755 dubium
1353 1709 1426 1756 esse

195 1799 326 1878 poterit,
357 1800 432 1880 quin
461 1800 493 1865 in
524 1802 679 1884 eligendis
709 1804 803 1869 etiam
833 1803 964 1867 deorum
992 1801 1108 1867 fabulis
1138 1802 1198 1866 hoc
1225 1801 1427 1883 potissimum

198 1910 404 1990 spectaverit,
435 1917 470 1975 ut
499 1914 574 1993 quid
604 1915 737 1995 quisque
760 1916 838 1979 deus
861 1916 986 1996 primas
1013 1912 1182 1992 invenerit,
1210 1915 1261 1978 vel
1284 1913 1428 1977 docuerit

196 2017 356 2101 homines,
385 2024 555 2088 memoriae
577 2026 728 2089 traderet.
751 2024 788 2089 cf.
808 2025 930 2090 CXLII.
952 2024 1007 2088 lll.
1031 2042 1113 2105 quae
1135 2042 1204 2088 cum
1226 2024 1272 2088 ita
1295 2024 1359 2090 sint
1380 2023 1428 2088 in-

197 2129 350 2211 tellegere
372 2133 448 2197 mihi
465 2135 584 2213 uideor,
606 2136 713 2216 capita
729 2136 1036 2216 CLle-VEVII]
1057 2134 1227 2215 aliquando
1250 2135 1353 2199 locum
1374 2135 1428 2199 ob-

196 2240 331 2306 tinuisse
349 2243 388 2308 iis
408 2245 565 2326 capitibus
581 2247 726 2326 vicinum,
749 2266 831 2330 quae
847 2246 971 2312 Cereris
988 2245 1141 2311 beneficia
1159 2245 1350 2310 celebranda
1367 2244 1428 2310 sibi

196 2361 418 2436 proponerent,
442 2375 478 2421 ac
499 2363 623 2422 tantum
646 2358 760 2423 abesse
781 2364 822 2424 ut.
839 2357 1091 2441 mythographus
1115 2357 1221 2421 omnia
1242 2355 1427 2437 confuderit,

196 2470 233 2529 ut
261 2467 400 2532 transitu
431 2487 451 2532 a
480 2469 611 2534 deorum
637 2469 753 2535 fabulis
783 2471 825 2535 ad
853 2471 985 2535 heroum
1014 2466 1188 2532 infortunia
1213 2465 1297 2531 iacto
1319 2468 1428 2532 invon-

197 2583 365 2660 torumque
386 2579 547 2646 beneficiis
568 2581 802 2647 continuatore
823 2582 907 2647 serie
925 2580 1082 2646 onomatis
1104 2596 1235 2643 munere
1252 2577 1428 2643 narratoris

197 2689 317 2769 optime
330 2689 498 2755 dehrnctus
512 2692 564 2756 sit.
593 2694 662 2758 Hoc
673 2695 771 2775 igitur
782 2694 931 2758 iudicium
945 2692 1097 2757 faciemus
1112 2690 1153 2754 de
1167 2707 1191 2753 c.
1204 2688 1428 2769 CLle—-IV,

198 2800 225 2863 si
249 2818 269 2864 a
291 2800 427 2865 veritate
455 2822 517 2866 nou
540 2803 691 2868 abhorret
712 2805 796 2885 quod
817 2805 981 2885 hucusque
1008 2806 1176 2883 procerte
1206 2805 1239 2865 et
1263 2799 1427 2880 explorato

198 2912 406 2993 sumpsimus
428 2913 566 2994 capitum
588 2914 714 2978 illorum
737 2914 871 2979 eundem
894 2932 966 2978 esse
988 2920 1085 2994 atque
1107 2911 1300 2992 reliquarum
1322 2912 1427 2992 operis

197 3024 335 3106 partium
359 3030 529 3089 auctorem.
552 3026 609 3090 sed
629 3043 699 3090 cum
718 3043 780 3089 non
803 3025 987 3106 ignoremus
1006 3024 1048 3089 ad
1069 3023 1148 3088 haec
1166 3023 1320 3087 nonnulla
1335 3023 1427 3088 nobis

197 3154 261 3200 nou
283 3136 377 3200 modo
400 3135 531 3200 obtendi
553 3155 658 3218 posse,
680 3137 738 3201 sed
761 3136 856 3201 etiarn
881 3133 1078 3200 contradicta
1104 3152 1165 3199 non
1191 3134 1260 3198 siue
1281 3132 1428 3215 probabi-

197 3246 298 3311 litatis
315 3246 422 3328 specie
440 3245 576 3327 defendi,
598 3265 730 3312 necesse
746 3254 804 3327 est,
825 3246 927 3311 uthis
943 3246 1038 3311 etiam
1055 3245 1306 3311 dubitationibus
1322 3245 1428 3327 quoad

196 3356 266 3422 fieri
289 3358 395 3439 possit
417 3375 627 3423 occurramus.
677 3360 723 3423 Ac
748 3358 884 3440 primum
912 3359 1039 3439 quidem
1065 3358 1150 3422 idem
1176 3355 1379 3437 Fulgentius,
1411 3375 1428 3421 e

199 3467 288 3532 cuius
313 3469 595 3550 mythologicomm
618 3470 690 3535 libri
713 3472 760 3535 III
786 3489 877 3552 capp.
900 3470 929 3534 X
955 3475 987 3533 et
1006 3470 1099 3534 VIll⁰
1128 3468 1235 3550 capita
1259 3467 1385 3533 CLXIV
1398 3467 1429 3506 ¹³⁰

197 3579 229 3643 in
254 3579 414 3661 Hyginum
437 3579 607 3661 irrepsisse
628 3582 782 3660 diximus,
811 3581 859 3645 ΙΙΙ
881 3582 901 3645 9
925 3581 1019 3644 etiam
1042 3581 1074 3645 in
1098 3581 1246 3662 Marsyae
1268 3578 1427 3644 fortunam

198 3697 230 3755 et
251 3691 283 3754 lI
311 3691 424 3756 1415
452 3691 649 3757 Erichthonii
680 3699 712 3757 et
738 3692 843 3757 Liberi
874 3691 1125 3773 generationem,
1154 3689 1216 3755 etsi
1243 3709 1306 3755 non
1334 3690 1429 3771 plane

197 3803 311 3868 iisdem
334 3801 439 3867 verbis
462 3808 558 3883 atque
580 3803 741 3884 Hyginus,
762 3807 868 3867 tamen
892 3802 1085 3867 narrationis
1108 3820 1224 3884 genere
1245 3807 1310 3866 tam
1333 3801 1430 3866 simili

199 3933 277 3979 usus
299 3920 530 3979 commentatus
554 3922 612 3994 est,
635 3922 670 3979 ut
689 3920 825 3997 quatuor
847 3914 951 3993 etiam,
973 3914 1005 3978 in
1029 3931 1111 3994 quae
1126 3912 1322 3993 inquirimus,
1345 3913 1430 3994 capi-

198 4030 266 4089 tum
282 4044 399 4107 parens
417 4027 525 4091 haberi
541 4028 654 4108 possit,
677 4026 866 4109 praesertim
883 4044 953 4090 cum
969 4030 1127 4107 quartum,
1149 4025 1235 4106 qnod
1250 4021 1361 4088 ‘Liber'
1379 4031 1430 4089 est

198 4135 395 4218 inscriptum,
418 4139 593 4203 etiamalio
614 4138 741 4203 nomine
764 4137 807 4203 sit
822 4143 1015 4218 suspectum.
1058 4135 1285 4199 Verumtamen
1309 4134 1429 4217 siquis

200 4250 355 4314 attentius
377 4269 443 4313 rern
475 4249 739 4328 consideraverit,
770 4250 851 4313 banc
878 4266 1003 4330 quoque
1029 4245 1241 4327 suspicionem
1264 4245 1430 4311 concidere

87 4386 90 4393 ¹
202 4365 297 4443 atque
325 4361 367 4425 ad
395 4360 528 4426 nihilum
556 4360 660 4442 redigi
687 4360 927 4425 animadvertet
971 4357 1125 4442 Equidem
1148 4356 1296 4421 Bursiani
1323 4356 1431 4421 obser·
