3082 4950
806 213 867 277 144

663 451 845 532 [ccnvun
867 453 1006 534 cyneus]

305 589 443 670 [Lyncus
465 607 520 653 rex
536 587 661 654 Siciliae
682 589 751 669 fuit,
773 589 827 670 qui
847 589 979 655 missum
1003 608 1023 654 a
1039 588 1154 655 Cerere
1168 589 1401 671 Triptolemum
1418 595 1453 655 ut

220 698 399 764 hominibus
421 698 612 764 frumentum
628 705 821 766 monstraret
844 704 1029 782 susceptum
1052 701 1192 782 hospitio
1213 706 1250 766 ut
1271 701 1305 766 iu
1327 720 1363 767 se
1383 707 1453 767 tau-

219 812 311 895 talm]
333 811 489 893 glorialm]
512 810 678 892 migraret,
708 812 891 878 interimere
912 812 1072 893 cogitavit.
1102 812 1142 877 oh
1164 831 1258 894 quam
1280 833 1349 877 rem
1371 813 1453 879 irata

220 921 316 987 Ceres
339 941 411 987 eum
434 922 588 988 conuertit
609 923 642 988 in
665 923 788 1005 lyncem
810 923 891 989 varii
913 925 1028 989 coloris
1050 928 1086 989 ut
1106 923 1178 1006 ipse
1199 923 1307 989 variae
1335 924 1452 989 mentis

190 1032 389 1115 destiterat]

715 1231 835 1312 [CGLX
857 1232 953 1315 Eryx]

304 1369 401 1450 [Eryx
418 1367 552 1434 Veneris
574 1374 608 1433 et
631 1368 734 1433 Butae
755 1368 840 1434 filius
862 1367 922 1433 luit
944 1368 998 1451 qui
1020 1368 1143 1433 occisus
1167 1367 1207 1434 ab
1231 1366 1371 1432 Hercule
1393 1374 1452 1433 est

218 1480 317 1545 monti
345 1499 383 1545 ex
412 1478 578 1561 sepultura
606 1498 666 1545 sua
694 1498 809 1545 nomen
838 1479 990 1561 imposuit
1014 1479 1048 1546 in
1077 1498 1140 1561 quo
1161 1480 1290 1544 Aeneas
1314 1479 1452 1545 Veneris

217 1592 371 1675 templum
398 1590 570 1656 constituit.
598 1591 631 1655 in
659 1590 719 1655 hoc
748 1596 854 1656 autem
885 1596 993 1656 monte
1023 1590 1140 1656 dicitur
1169 1590 1265 1656 otiam
1292 1591 1452 1656 Anchises

217 1705 378 1788 sepultus,
400 1703 475 1769 licet
498 1704 671 1768 secundum
695 1703 848 1769 Catonem
871 1703 912 1767 ad
935 1701 1064 1768 Italiam
1085 1702 1228 1782 uenerit]

303 1901 438 1982 [cccxl
460 1902 677 1982 Agamemnon
700 1899 753 1982 qui
774 1900 906 1982 ignarus
929 1899 1051 1966 Dianae
1074 1918 1199 1966 cervam
1222 1898 1358 1979 occidit]

167 2047 209 2110 10
303 2037 392 2119 [Cum
422 2038 461 2103 de
491 2036 627 2103 Graecia
657 2037 698 2101 ad
727 2036 876 2102 Aulidem
906 2038 1008 2103 Danai
1038 2037 1201 2103 venissent
1228 2023 1452 2116 Agameniuon

218 2150 341 2215 Dianae
370 2166 494 2214 cervam
522 2147 638 2212 occidit
665 2147 810 2229 ignarus,
842 2149 926 2214 unde
955 2149 1016 2214 dea
1045 2149 1129 2216 irata
1157 2148 1254 2214 tlatus
1282 2154 1451 2215 ventorum

216 2261 359 2327 removit.
387 2278 485 2342 quare
507 2278 577 2324 cum
599 2278 658 2324 nec
679 2259 831 2341 navigare
859 2265 992 2341 possent
1020 2268 1052 2325 et
1073 2260 1288 2344 pestilentiam
1311 2261 1452 2326 sustine-

217 2380 305 2454 rent,
334 2372 481 2438 consulta
508 2371 637 2436 oracula
657 2370 805 2435 dixerunt
826 2370 1076 2453 Agamemnonio
1103 2371 1257 2453 sanguine
1286 2390 1360 2436 esse
1382 2371 1452 2453 pla-

218 2488 352 2552 candam
373 2484 518 2549 Dianam.
547 2500 622 2564 ergo
646 2500 715 2547 cum
744 2481 783 2547 ab
805 2481 898 2547 Ulixe
925 2503 984 2565 per
1005 2483 1187 2565 nuptiarum
1213 2483 1452 2548 simulationem

169 2603 209 2668 15
218 2599 358 2664 adducta
371 2594 538 2679 Iphigenia
560 2594 592 2659 in
614 2613 652 2659 eo
676 2600 763 2659 esset
783 2599 819 2659 ut
836 2594 1061 2676 immolaretur,
1084 2595 1221 2660 numinis
1243 2593 1453 2661 miseratione

217 2709 347 2775 sublata
367 2712 419 2773 est
439 2711 472 2771 et
493 2724 587 2771 cerva
609 2705 778 2787 supposita
800 2712 832 2770 et
853 2706 1012 2772 translata
1034 2707 1075 2772 ad
1096 2705 1262 2771 Tauricam
1284 2705 1452 2771 civitatem

216 2822 285 2902 regi
301 2817 437 2885 Thoanti
459 2817 580 2882 tradita
601 2821 651 2882 est
674 2818 886 2899 sacerdosque
907 2816 994 2884 facta
1008 2817 1188 2900 Dictynnae
1202 2816 1335 2882 Dianae.
1359 2818 1452 2898 {quae

217 2932 294 3012 cumi
318 2927 775 2996 secundumconsuetudinem
805 2934 960 2994 statutam
986 2929 1125 2994 humano
1149 2927 1304 3010 sauguine
1331 2948 1451 2994 numen

216 3044 359 3126 placaret
385 3039 532 3122 cognovit
552 3038 684 3104 fratrem
706 3040 867 3121 Orestem,
896 3041 950 3122 qui
972 3047 1104 3122 accepto
1131 3040 1258 3105 oraculo
1286 3040 1454 3118 scarenci

165 3163 208 3227 20
217 3155 335 3221 sororis
365 3171 463 3218 causa
493 3169 563 3216 cum
594 3150 693 3216 amico
724 3150 845 3233 Pylade
875 3152 1010 3219 Colchos
1043 3152 1180 3234 petierat
1210 3157 1244 3217 et
1276 3169 1348 3216 cum
1382 3152 1451 3235 lhis!

217 3267 320 3333 occiso
349 3264 495 3331 Thoante
523 3262 726 3328 simulacrum
759 3263 891 3329 sustulit
922 3263 1142 3330 absconditum
1172 3262 1259 3329 fasce
1288 3262 1452 3344 lignorum

284 3552 419 3600 cchvffll
436 3549 506 3596 illata
523 3547 617 3595 eServ.
636 3549 705 3609 Virg.
725 3550 812 3596 Aeml
830 3552 879 3599 323
898 3565 922 3609 p.
936 3550 968 3596 63
987 3548 1063 3610 myth.
1079 3548 1161 3596 Vatl
1179 3549 1210 3595 61
1229 3562 1254 3608 p.
1271 3551 1310 3607 11,
1332 3552 1452 3601 21-28

217 3652 229 3696 1
250 3647 364 3709 Scythiae
382 3646 436 3694 Sm
479 3647 493 3691 2
512 3643 633 3690 frumenta
650 3647 799 3692 monstraret
811 3643 872 3690 Serv
890 3642 1012 3690 frumenta
1029 3644 1180 3692 ministraret
1197 3642 1246 3688 Vat
1257 3639 1268 3708 [Ι
1280 3646 1352 3689 tanta
1367 3645 1454 3704 gloria

212 3737 265 3791 ¹Vat
281 3742 361 3803 gloria
377 3742 446 3788 tanta
464 3736 525 3785 Serv
576 3739 592 3784 4
610 3737 707 3798 lyncem
727 3735 817 3802 iseram!
839 3737 892 3785 Sm

284 3835 372 3884 OGLX
388 3836 458 3881 illata
475 3845 488 3879 e
506 3829 575 3878 Serv.
593 3832 654 3878 Aen.
673 3833 684 3878 l
703 3833 761 3891 610,
776 3846 800 3891 p.
814 3834 846 3880 93
871 3833 948 3893 myth.
966 3833 1051 3881 Vati
1070 3834 1102 3880 63
1120 3832 1145 3879 11
1164 3832 1212 3879 166
1238 3830 1325 3879 sedin
1345 3831 1454 3883 bravius

215 3936 341 3981 contracta

282 4024 382 4073 com
398 4022 470 4069 illata
486 4019 773 4080 eScrv.Virg.Aen.H
787 4021 834 4068 116
853 4036 877 4081 p.
893 4024 941 4069 128
959 4023 1035 4082 myth.
1049 4022 1104 4068 Vct.
1117 4022 1142 4067 11
1160 4020 1208 4066 202
1227 4034 1251 4080 p.
1265 4021 1322 4079 141,
1343 4021 1453 4073 cc-ca

215 4124 247 4170 10
265 4135 320 4168 cum
339 4116 427 4165 Graeci
444 4117 475 4162 acl
487 4114 603 4162 Aulidem
620 4114 747 4163 venissent
766 4114 817 4161 Sm
861 4113 1012 4181 11[den]m
1055 4119 1085 4164 12
1104 4110 1189 4180 quare]
1209 4128 1282 4174 qaam
1300 4113 1333 4161 ob
1354 4130 1410 4164 rem
1427 4134 1454 4166 m

213 4216 245 4262 ob
263 4229 337 4274 quam
354 4210 440 4258 remS
500 4212 531 4257 11
549 4210 659 4270 ulyxeF
720 4213 749 4258 16
768 4209 923 4270 cervaqueS
978 4213 1008 4256 ll
1027 4211 1152 4271 regionem
1169 4209 1222 4255 Sm
1242 4205 1252 4274 Η
1272 4209 1411 4260 ductumue
1430 4214 1453 4260 1¹*

214 4311 280 4370 dicty
296 4309 358 4355 Iuda
371 4304 492 4353 Bonutius
511 4303 642 4364 dictynnae
660 4302 713 4350 Sm
760 4305 799 4352 lT.
819 4306 849 4351 18
868 4318 930 4364 quae
948 4318 1004 4351 cum
1021 4319 1069 4351 om.
1087 4305 1107 4349 F
1156 4306 1185 4351 19
1204 4302 1303 4350 carendi
1323 4303 1453 4355 furoriss

214 4402 315 4452 curandi
333 4399 422 4448 furoris
440 4399 566 4446 Burmann
584 4402 612 4445 ut
627 4398 703 4458 myth.
722 4397 778 4445 Vct
796 4398 822 4445 11
840 4398 887 4446 202
906 4400 1002 4459 p.112‚
1023 4398 1054 4447 10
1097 4401 1129 4446 20
1149 4395 1201 4463 this}
1220 4396 1269 4444 add
1287 4395 1352 4444 Serv
