3082 4950
817 222 859 288 t
1373 40 1532 271 0-

616 507 626 514 ..
653 460 816 529 animm
837 462 1020 528 Laomedon
1413 378 1482 474 ι’

310 600 478 681 Neptunus
507 602 540 664 et
563 598 679 681 Apollo
706 598 854 664 dicuntur
880 598 1006 663 Troiam
1029 617 1121 663 muro
1148 597 1291 664 cinxisse.
1323 596 1374 663 his
1402 616 1460 664 rer

147 784 150 791 ,
225 712 408 776 Laomedon
432 708 518 775 vovit
541 710 625 791 quod
649 728 749 790 regno
772 727 830 774 suo
854 710 978 791 pecoris
996 728 1033 775 eo
1058 728 1141 774 anno
1163 714 1273 774 notum
1295 712 1385 775 esset
1401 709 1461 774 im·

224 823 423 888 molaturum.
445 820 479 887 id
492 825 601 886 votum
616 820 751 886 arentia
765 820 892 886 fefellit:
915 821 969 886 alii
985 821 1095 886 mount
1109 839 1222 902 pamm
1235 821 1460 902 prom[i]sisse.

226 935 266 1000 ob
290 953 359 1000 eam
382 953 449 998 rem
471 933 641 1014 Neptunus
665 936 768 997 cetum
793 932 881 997 misit
904 932 957 1013 qui
981 931 1106 997 Troiam
1128 936 1266 997 vexaret
1296 932 1338 997 ob
1362 935 1460 1013 quam

195 1048 355 1113 hrausam
378 1064 434 1110 rex
456 1044 497 1109 ad
520 1043 700 1125 Apollinem
724 1042 811 1108 misit
834 1043 1022 1109 consultum.
1074 1043 1190 1125 Apollo
1212 1044 1314 1109 uatus
1337 1043 1387 1109 ita
1410 1061 1460 1109 re

225 1157 367 1238 spondit:
398 1155 426 1220 si
441 1155 649 1220 Troianorum
666 1154 804 1237 virgines
829 1159 898 1221 octo
917 1155 1071 1237 religatae
1087 1153 1226 1220 fuissent
1246 1153 1344 1220 finem
1359 1154 1460 1236 pesti-

224 1267 344 1333 lentiae
367 1266 514 1332 fulturam.
566 1266 644 1332 Oum
668 1266 846 1347 complures
872 1271 1080 1362 consumptae
1108 1269 1219 1332 essent
1244 1271 1277 1331 et
1295 1266 1459 1332 Hesiones

226 1398 297 1445 sors
315 1378 435 1443 exisset
451 1381 484 1443 et
500 1379 601 1458 petris
617 1377 755 1460 religata
771 1383 867 1458 esset,
890 1378 1044 1443 Hercules
1064 1382 1097 1442 et
1111 1377 1278 1457 Telamon,
1299 1395 1371 1442 cum
1385 1377 1459 1443 Col·
1519 1356 1521 1361 ¹

225 1491 302 1556 chos
318 1491 521 1570 Argonautae
536 1489 633 1570 irent,
655 1490 766 1555 eodem
789 1495 945 1555 venerunt
967 1494 1000 1554 et
1016 1493 1119 1554 cetum
1136 1488 1371 1569 interfecerunt
1393 1489 1460 1554 He

176 1607 217 1671 10
225 1603 399 1682 sionenque
413 1600 498 1682 patri
513 1600 616 1682 pactis
629 1600 755 1682 legibus
771 1601 920 1679 reddunt,
937 1605 973 1665 ut
989 1618 1059 1664 cum
1073 1599 1148 1666 inde
1161 1600 1335 1665 rediissent
1350 1617 1460 1665 secum

224 1714 256 1778 in
281 1713 420 1796 patriam
446 1730 516 1778 eam
547 1711 742 1777 abducerent
768 1716 801 1776 et
825 1730 924 1793 equos
950 1712 1004 1792 qui
1032 1729 1129 1792 super
1151 1729 1252 1792 aquas
1278 1715 1311 1777 et
1338 1711 1459 1777 aristas

227 1823 439 1890 ambulabant.
470 1823 554 1904 quod
580 1829 613 1887 et
639 1822 744 1904 ipsum
770 1823 955 1888 Laomedon
981 1822 1144 1888 haudavit
1166 1840 1269 1903 neque
1291 1821 1459 1887 Hesionen

225 1935 360 2000 reddere
374 1933 481 1999 voluit.
502 1933 612 2014 itaque
625 1934 780 1999 Hercules
798 1933 840 1997 ad
854 1951 909 1998 eos
925 1933 1060 1998 rombus
1075 1932 1266 2015 comparatis
1280 1938 1317 1997 ut
1329 1932 1459 1998 Troiam

226 2049 423 2127 expugnaret
441 2045 529 2110 venit
551 2049 584 2109 et
599 2045 850 2110 Laomedontem
872 2044 999 2110 necarit
1023 2048 1056 2109 et
1073 2043 1208 2110 Podarci
1227 2042 1293 2108 filio
1316 2043 1387 2109 eius
1411 2043 1459 2110 in-

177 2161 216 2226 15
225 2156 306 2223 fanti
330 2175 464 2238 regnum
496 2156 601 2237 dedit,
632 2155 686 2237 qui
708 2160 824 2238 postea
848 2156 993 2221 Priamus
1021 2160 1072 2221 est
1098 2155 1279 2237 appellatus
1306 2147 1375 2220 einr*
1402 2154 1460 2220 τοῦ

225 2264 402 2354 πρίασθαι.
446 2267 608 2332 Hesionen
630 2266 840 2349 reciperatam
856 2267 1018 2333 Telamoni
1035 2247 1193 2332 concessit
1212 2265 1245 2330 in
1266 2265 1459 2349 coniugium,

225 2399 265 2446 ex
288 2399 351 2462 qua
371 2382 466 2444 natus
488 2384 539 2444 est
561 2379 690 2446 Teucer.

492 2574 547 2642 XO
569 2575 687 2641 Priami
707 2574 765 2642 dlii
787 2580 820 2641 et
840 2574 940 2657 filiae,
962 2593 1093 2640 numero
1114 2575 1181 2641 LV.

225 2719 318 2766 Hector
389 2700 391 2703 ⁵
482 2715 584 2775 Lycaon
735 2715 840 2762 Polites
992 2714 1076 2761 Dolon
1249 2714 1368 2761 Euander

226 2812 372 2872 Deiphobus
483 2808 658 2869 Polymedon
735 2801 834 2855 Troilus
992 2805 1145 2871 Chro(mius]
1249 2808 1363 2856 Proneus

174 2890 388 2971 Pdcempiones
483 2903 605 2950 Ascanius
734 2903 868 2948 Pammon
990 2902 1082 2950 Eresos
1161 2880 1168 2904 '
1248 2902 1458 2951 Archemachus

226 2999 365 3061 Polydorus
484 2996 646 3044 Chirodamas
734 2994 901 3051 †Brissonius
992 2995 1144 3057 chrysolaus
1248 2995 1379 3056 fflilagus

226 3094 336 3142 Helenus
485 3091 613 3150 Huagoras
736 3088 922 3151 Gorgythion
991 3091 1156 3138 Democoon
1248 3090 1330 3137 Axion

225 3189 366 3237 Alexander
485 3185 601 3246 Dryops
734 3184 896 3233 Protodamas
991 3185 1129 3246 Doryclus
1248 3183 1373 3246 Bia[nte]s

225 3283 410 3345 Hippothous
990 3279 1129 3340 Hippasus
1249 3279 1458 3339 Hypeiroohus

174 3370 216 3436 25
226 3380 285 3427 Anti
291 3379 403 3441 phonus
484 3375 651 3435 Astynomus
734 3374 852 3422 Arctus
990 3373 1128 3434 Hyperioni
1248 3370 1412 3437 D(e)iopites

225 3474 341 3535 Agath0n
484 3471 633 3530 Polyxena
734 3468 865 3524 †Henioea
991 3466 1144 3528 Lysianassa
1249 3467 1354 3515 Medusa

225 3566 309 3633 Di(us)
482 3562 591 3610 Laodice
733 3561 892 3619 †Domnosia
991 3560 1072 3608 Iliona
1248 3561 1317 3608 Hero

225 3661 271 3726 (ld)
280 3665 351 3708 ester
482 3658 505 3703 D
515 3658 616 3704 einome
734 3655 876 3704 Cassandra
990 3654 1078 3703 Nereis
1249 3655 1350 3704 Creusa.

481 3750 580 3811 Phegea
732 3749 871 3798 Phdomela

297 3928 458 3988 dpromeiase
476 3927 568 3978 coni}
613 3929 747 3979 lhesione
764 3928 814 3976 fors
832 3929 853 3975 F
870 3928 981 3975 Hesionae
997 3943 1049 3976 sora
1060 3929 1104 3976 Mu
1119 3929 1224 3985 Memnon
1241 3944 1293 3977 soro
1306 3931 1345 3978 Bu
1384 3935 1414 3980 13
1432 3933 1459 3981 id

225 4023 291 4084 quod
309 4027 347 4070 est
366 4037 405 4068 coe
423 4037 453 4070 ex
470 4023 547 4070 literis
565 4037 693 4070 numerum
710 4023 810 4070 navium
830 4022 1001 4070 exhibentibus
1019 4029 1105 4070 natum
1122 4004 1253 4072 videbatur
1265 4025 1314 4073 Sch
1364 4030 1396 4075 14
1415 4043 1458 4089 pa·

226 4117 281 4165 daci
298 4118 318 4163 1⁴¹
336 4130 391 4164 corr
408 4117 451 4163 Mu
504 4120 534 4165 16
552 4124 717 4178 recuperatam
734 4115 804 4163 malit
820 4118 859 4163 Bu

293 4211 357 4273 LIV]
377 4210 421 4256 LV
439 4225 502 4258 corr.
516 4208 549 4271 Σ,
568 4211 598 4258 ol.
617 4212 705 4258 Philol
718 4210 789 4256 XXV
808 4225 831 4270 p.
846 4214 895 4260 418
908 4226 961 4272 sqq.
997 4210 1124 4272 Geriones]
1144 4227 1188 4259 em.
1209 4213 1264 4260 Sch.
1301 4215 1459 4276 Hipposidus

224 4306 354 4368 Antinous]
374 4321 420 4352 em.
438 4304 494 4352 Sch.
547 4304 655 4366 Diaster]
674 4319 719 4352 ern.
737 4304 776 4350 Bu
828 4303 927 4370 Lyside]
945 4303 1051 4353 eorn2
1103 4306 1247 4368 Polymena]
1265 4323 1330 4356 corr.
1346 4306 1381 4369 Σ,
1401 4327 1460 4359 mox

224 4407 332 4460 praestat
350 4398 518 4446 marsicanos
570 4398 684 4463 Drypon]
712 4413 756 4446 em.
782 4399 861 4446 Buute
913 4399 1064 4461 Astinomus]
1091 4415 1136 4447 em.
1162 4401 1345 4471 commetiens·
1383 4405 1458 4468 Poly·
