<?xml version="1.0" encoding="UTF-8"?>
<!DOCTYPE html PUBLIC "-//W3C//DTD XHTML 1.0 Transitional//EN"
    "http://www.w3.org/TR/xhtml1/DTD/xhtml1-transitional.dtd">
<html xmlns="http://www.w3.org/1999/xhtml" xml:lang="en" lang="en">
 <head>
  <title>
</title>
<meta http-equiv="Content-Type" content="text/html;charset=utf-8" />
  <meta name='ocr-system' content='tesseract 3.04.00' />
  <meta name='ocr-capabilities' content='ocr_page ocr_carea ocr_par ocr_line ocrx_word'/>
</head>
<body>
  <div class='ocr_page' id='page_1' title='image "./hyginifabulae00hygigoog_0169.png"; bbox 0 0 3082 4950; ppageno 0'>
   <div class='ocr_carea' id='block_1_1' title="bbox 765 236 826 303">
    <p class='ocr_par' dir='ltr' id='par_1_1' title="bbox 765 236 826 303">
     <span class='ocr_line' id='line_1_1' title="bbox 765 236 826 303; baseline 0.049 -3"><span class='ocrx_word' id='word_1_1' title='bbox 765 236 826 303; x_wconf 87' lang='lat'>108</span> 
     </span>
    </p>
   </div>
   <div class='ocr_carea' id='block_1_2' title="bbox 70 387 1415 3259">
    <p class='ocr_par' dir='ltr' id='par_1_2' title="bbox 70 387 1415 807">
     <span class='ocr_line' id='line_1_2' title="bbox 70 387 1414 472; baseline 0.001 -19"><span class='ocrx_word' id='word_1_2' title='bbox 70 436 73 441; x_wconf 83' lang='grc'><strong>-</strong></span> <span class='ocrx_word' id='word_1_3' title='bbox 177 388 298 454; x_wconf 85' lang='lat' dir='ltr'>creavit</span> <span class='ocrx_word' id='word_1_4' title='bbox 312 387 524 455; x_wconf 88' lang='lat' dir='ltr'>Nausithoum</span> <span class='ocrx_word' id='word_1_5' title='bbox 541 393 574 454; x_wconf 89' lang='lat' dir='ltr'>et</span> <span class='ocrx_word' id='word_1_6' title='bbox 585 389 787 472; x_wconf 85' lang='lat' dir='ltr'><strong>Telegonum.</strong></span> <span class='ocrx_word' id='word_1_7' title='bbox 818 389 898 455; x_wconf 90' lang='lat' dir='ltr'>Inde</span> <span class='ocrx_word' id='word_1_8' title='bbox 912 388 1124 471; x_wconf 89' lang='lat' dir='ltr'>proficiscitur</span> <span class='ocrx_word' id='word_1_9' title='bbox 1137 391 1179 455; x_wconf 90' lang='lat' dir='ltr'>ad</span> <span class='ocrx_word' id='word_1_10' title='bbox 1194 389 1300 456; x_wconf 87' lang='lat' dir='ltr'>lacurn</span> <span class='ocrx_word' id='word_1_11' title='bbox 1314 392 1414 456; x_wconf 86' lang='lat' dir='ltr'>Aver-</span> 
     </span>
     <span class='ocr_line' id='line_1_3' title="bbox 176 500 1413 583; baseline 0.002 -18"><span class='ocrx_word' id='word_1_12' title='bbox 176 520 252 565; x_wconf 88' lang='lat' dir='ltr'>num</span> <span class='ocrx_word' id='word_1_13' title='bbox 274 501 315 566; x_wconf 86' lang='lat' dir='ltr'>ad</span> <span class='ocrx_word' id='word_1_14' title='bbox 337 500 455 566; x_wconf 90' lang='lat' dir='ltr'>inferos</span> <span class='ocrx_word' id='word_1_15' title='bbox 484 501 649 566; x_wconf 89' lang='lat' dir='ltr'>descendit</span> <span class='ocrx_word' id='word_1_16' title='bbox 672 501 778 583; x_wconf 87' lang='lat' dir='ltr'>ibique</span> <span class='ocrx_word' id='word_1_17' title='bbox 807 501 929 567; x_wconf 87' lang='lat' dir='ltr'>invenit</span> <span class='ocrx_word' id='word_1_18' title='bbox 949 501 1140 583; x_wconf 81' lang='lat' dir='ltr'>Elpenorem</span> <span class='ocrx_word' id='word_1_19' title='bbox 1168 503 1290 568; x_wconf 88' lang='lat' dir='ltr'>socium</span> <span class='ocrx_word' id='word_1_20' title='bbox 1319 521 1413 568; x_wconf 89' lang='lat' dir='ltr'>suum</span> 
     </span>
     <span class='ocr_line' id='line_1_4' title="bbox 177 612 1415 697; baseline 0.003 -22"><span class='ocrx_word' id='word_1_21' title='bbox 177 630 269 693; x_wconf 90' lang='lat' dir='ltr'>quem</span> <span class='ocrx_word' id='word_1_22' title='bbox 293 613 334 676; x_wconf 91' lang='lat' dir='ltr'>ad</span> <span class='ocrx_word' id='word_1_23' title='bbox 357 612 467 678; x_wconf 83' lang='lat' dir='ltr'>Circen</span> <span class='ocrx_word' id='word_1_24' title='bbox 490 612 671 695; x_wconf 87' lang='lat' dir='ltr'>reliquerat,</span> <span class='ocrx_word' id='word_1_25' title='bbox 693 613 966 695; x_wconf 87' lang='lat' dir='ltr'>interrogavitque</span> <span class='ocrx_word' id='word_1_26' title='bbox 988 632 1074 694; x_wconf 91' lang='lat' dir='ltr'>eum,</span> <span class='ocrx_word' id='word_1_27' title='bbox 1097 615 1255 695; x_wconf 92' lang='lat' dir='ltr'>quomodo</span> <span class='ocrx_word' id='word_1_28' title='bbox 1278 633 1318 681; x_wconf 90' lang='lat' dir='ltr'>eo</span> <span class='ocrx_word' id='word_1_29' title='bbox 1339 634 1415 697; x_wconf 89' lang='lat' dir='ltr'>per·</span> 
     </span>
     <span class='ocr_line' id='line_1_5' title="bbox 176 723 1414 807; baseline 0.004 -20"><span class='ocrx_word' id='word_1_30' title='bbox 176 724 326 789; x_wconf 85' lang='lat' dir='ltr'>venisset.</span> <span class='ocrx_word' id='word_1_31' title='bbox 352 723 402 789; x_wconf 90' lang='lat' dir='ltr'>cui</span> <span class='ocrx_word' id='word_1_32' title='bbox 423 723 565 805; x_wconf 87' lang='lat' dir='ltr'>Elpenor</span> <span class='ocrx_word' id='word_1_33' title='bbox 586 725 754 807; x_wconf 84' lang='lat' dir='ltr'>respondit</span> <span class='ocrx_word' id='word_1_34' title='bbox 777 743 812 790; x_wconf 89' lang='lat' dir='ltr'>se</span> <span class='ocrx_word' id='word_1_35' title='bbox 835 724 956 790; x_wconf 90' lang='lat' dir='ltr'>ebrium</span> <span class='ocrx_word' id='word_1_36' title='bbox 978 743 1036 805; x_wconf 89' lang='lat' dir='ltr'>per</span> <span class='ocrx_word' id='word_1_37' title='bbox 1058 726 1178 790; x_wconf 84' lang='lat' dir='ltr'>scalam</span> <span class='ocrx_word' id='word_1_38' title='bbox 1199 725 1356 792; x_wconf 87' lang='lat' dir='ltr'>cecidisse</span> <span class='ocrx_word' id='word_1_39' title='bbox 1380 729 1414 792; x_wconf 89' lang='lat' dir='ltr'>et</span> 
     </span>
    </p>

    <p class='ocr_par' dir='ltr' id='par_1_3' title="bbox 125 832 1414 1920">
     <span class='ocr_line' id='line_1_6' title="bbox 146 832 1412 918; baseline 0.003 -19"><span class='ocrx_word' id='word_1_40' title='bbox 146 832 316 900; x_wconf 82' lang='lat' dir='ltr'>boemioes</span> <span class='ocrx_word' id='word_1_41' title='bbox 338 834 491 918; x_wconf 78' lang='lat' dir='ltr'>fregisse3</span> <span class='ocrx_word' id='word_1_42' title='bbox 514 840 546 900; x_wconf 86' lang='lat' dir='ltr'>et</span> <span class='ocrx_word' id='word_1_43' title='bbox 564 836 754 917; x_wconf 88' lang='lat' dir='ltr'>deprecatus</span> <span class='ocrx_word' id='word_1_44' title='bbox 778 841 828 901; x_wconf 89' lang='lat' dir='ltr'>est</span> <span class='ocrx_word' id='word_1_45' title='bbox 850 854 930 916; x_wconf 89' lang='lat' dir='ltr'>eum,</span> <span class='ocrx_word' id='word_1_46' title='bbox 953 853 1024 902; x_wconf 90' lang='lat' dir='ltr'>cum</span> <span class='ocrx_word' id='word_1_47' title='bbox 1046 836 1088 901; x_wconf 90' lang='lat' dir='ltr'>ad</span> <span class='ocrx_word' id='word_1_48' title='bbox 1105 855 1238 918; x_wconf 90' lang='lat' dir='ltr'>superos</span> <span class='ocrx_word' id='word_1_49' title='bbox 1260 837 1412 918; x_wconf 81' lang='lat' dir='ltr'>redisset,</span> 
     </span>
     <span class='ocr_line' id='line_1_7' title="bbox 177 946 1412 1030; baseline 0.002 -20"><span class='ocrx_word' id='word_1_50' title='bbox 177 946 363 1029; x_wconf 88' lang='lat' dir='ltr'>sepulturae</span> <span class='ocrx_word' id='word_1_51' title='bbox 385 948 529 1011; x_wconf 87' lang='lat' dir='ltr'>traderet</span> <span class='ocrx_word' id='word_1_52' title='bbox 550 947 658 1012; x_wconf 77' lang='lat' dir='ltr'>et&#39;sibi</span> <span class='ocrx_word' id='word_1_53' title='bbox 673 947 706 1012; x_wconf 94' lang='lat' dir='ltr'>in</span> <span class='ocrx_word' id='word_1_54' title='bbox 729 947 851 1013; x_wconf 86' lang='lat' dir='ltr'>tumulo</span> <span class='ocrx_word' id='word_1_55' title='bbox 877 946 1125 1030; x_wconf 83' lang='lat' dir='ltr'>gubernaculum</span> <span class='ocrx_word' id='word_1_56' title='bbox 1142 953 1286 1030; x_wconf 89' lang='lat' dir='ltr'>poneret.</span> <span class='ocrx_word' id='word_1_57' title='bbox 1309 949 1355 1014; x_wconf 93' lang='lat' dir='ltr'>ibi</span> <span class='ocrx_word' id='word_1_58' title='bbox 1379 952 1412 1014; x_wconf 87' lang='lat' dir='ltr'>et</span> 
     </span>
     <span class='ocr_line' id='line_1_8' title="bbox 177 1057 1414 1127; baseline 0.003 -5"><span class='ocrx_word' id='word_1_59' title='bbox 177 1075 247 1122; x_wconf 87' lang='lat' dir='ltr'>cum</span> <span class='ocrx_word' id='word_1_60' title='bbox 268 1062 371 1123; x_wconf 85' lang='lat' dir='ltr'>matre</span> <span class='ocrx_word' id='word_1_61' title='bbox 392 1057 531 1122; x_wconf 82' lang='lat' dir='ltr'>Anticlia</span> <span class='ocrx_word' id='word_1_62' title='bbox 554 1063 604 1124; x_wconf 88' lang='lat' dir='ltr'>est</span> <span class='ocrx_word' id='word_1_63' title='bbox 626 1058 777 1123; x_wconf 87' lang='lat' dir='ltr'>locutus*</span> <span class='ocrx_word' id='word_1_64' title='bbox 808 1059 848 1124; x_wconf 94' lang='lat' dir='ltr'>de</span> <span class='ocrx_word' id='word_1_65' title='bbox 876 1059 940 1124; x_wconf 91' lang='lat' dir='ltr'>fine</span> <span class='ocrx_word' id='word_1_66' title='bbox 962 1059 1131 1124; x_wconf 85' lang='lat' dir='ltr'>errationis</span> <span class='ocrx_word' id='word_1_67' title='bbox 1154 1077 1242 1125; x_wconf 84' lang='lat' dir='ltr'>suae.</span> <span class='ocrx_word' id='word_1_68' title='bbox 1286 1058 1414 1127; x_wconf 88' lang='lat' dir='ltr'>Deinde</span> 
     </span>
     <span class='ocr_line' id='line_1_9' title="bbox 175 1169 1414 1252; baseline 0.001 -18"><span class='ocrx_word' id='word_1_69' title='bbox 175 1169 217 1234; x_wconf 91' lang='lat' dir='ltr'>ad</span> <span class='ocrx_word' id='word_1_70' title='bbox 245 1187 379 1251; x_wconf 90' lang='lat' dir='ltr'>superos</span> <span class='ocrx_word' id='word_1_71' title='bbox 404 1187 553 1234; x_wconf 84' lang='lat' dir='ltr'>reuersus</span> <span class='ocrx_word' id='word_1_72' title='bbox 575 1169 766 1251; x_wconf 89' lang='lat' dir='ltr'>Elpenorem</span> <span class='ocrx_word' id='word_1_73' title='bbox 794 1169 942 1252; x_wconf 82' lang='lat' dir='ltr'>sepelivit</span> <span class='ocrx_word' id='word_1_74' title='bbox 968 1175 1001 1234; x_wconf 87' lang='lat' dir='ltr'>et</span> <span class='ocrx_word' id='word_1_75' title='bbox 1024 1170 1271 1252; x_wconf 84' lang='lat' dir='ltr'>gubernaculum</span> <span class='ocrx_word' id='word_1_76' title='bbox 1302 1171 1349 1236; x_wconf 87' lang='lat' dir='ltr'>ita</span> <span class='ocrx_word' id='word_1_77' title='bbox 1376 1175 1414 1235; x_wconf 89' lang='lat' dir='ltr'>ut</span> 
     </span>
     <span class='ocr_line' id='line_1_10' title="bbox 176 1280 1413 1364; baseline 0.003 -20"><span class='ocrx_word' id='word_1_78' title='bbox 176 1286 347 1363; x_wconf 85' lang='lat' dir='ltr'>rogaverat</span> <span class='ocrx_word' id='word_1_79' title='bbox 368 1281 400 1345; x_wconf 90' lang='lat' dir='ltr'>in</span> <span class='ocrx_word' id='word_1_80' title='bbox 422 1282 544 1346; x_wconf 89' lang='lat' dir='ltr'>tumulo</span> <span class='ocrx_word' id='word_1_81' title='bbox 566 1281 595 1345; x_wconf 93' lang='lat' dir='ltr'>ei</span> <span class='ocrx_word' id='word_1_82' title='bbox 616 1281 692 1347; x_wconf 84' lang='lat' dir='ltr'>fixit.</span> <span class='ocrx_word' id='word_1_83' title='bbox 736 1282 816 1346; x_wconf 91' lang='lat' dir='ltr'>Tum</span> <span class='ocrx_word' id='word_1_84' title='bbox 838 1283 879 1347; x_wconf 89' lang='lat' dir='ltr'>ad</span> <span class='ocrx_word' id='word_1_85' title='bbox 903 1281 1033 1347; x_wconf 87' lang='lat' dir='ltr'>Sirenas</span> <span class='ocrx_word' id='word_1_86' title='bbox 1055 1280 1274 1364; x_wconf 85' lang='lat' dir='ltr'>Melpomenes</span> <span class='ocrx_word' id='word_1_87' title='bbox 1297 1300 1413 1348; x_wconf 86' lang='lat' dir='ltr'>musae</span> 
     </span>
     <span class='ocr_line' id='line_1_11' title="bbox 125 1374 1413 1475; baseline 0.006 -25"><span class='ocrx_word' id='word_1_88' title='bbox 125 1387 209 1457; x_wconf 80' lang='lat' dir='ltr'>root</span> <span class='ocrx_word' id='word_1_89' title='bbox 231 1391 362 1457; x_wconf 83' lang='lat' dir='ltr'>Acheloi</span> <span class='ocrx_word' id='word_1_90' title='bbox 390 1380 473 1457; x_wconf 85' lang='lat' dir='ltr'>filias</span> <span class='ocrx_word' id='word_1_91' title='bbox 495 1393 596 1473; x_wconf 84' lang='lat' dir='ltr'>venit,</span> <span class='ocrx_word' id='word_1_92' title='bbox 623 1412 705 1474; x_wconf 91' lang='lat' dir='ltr'>quae</span> <span class='ocrx_word' id='word_1_93' title='bbox 733 1398 858 1475; x_wconf 89' lang='lat' dir='ltr'>partem</span> <span class='ocrx_word' id='word_1_94' title='bbox 881 1392 1077 1475; x_wconf 88' lang='lat' dir='ltr'>superiorem</span> <span class='ocrx_word' id='word_1_95' title='bbox 1104 1393 1290 1459; x_wconf 91' lang='lat' dir='ltr'>muliebrem</span> <span class='ocrx_word' id='word_1_96' title='bbox 1313 1374 1413 1460; x_wconf 86' lang='lat' dir='ltr'>babe-</span> 
     </span>
     <span class='ocr_line' id='line_1_12' title="bbox 175 1501 1413 1586; baseline 0.002 -19"><span class='ocrx_word' id='word_1_97' title='bbox 175 1503 254 1568; x_wconf 89' lang='lat' dir='ltr'>bant</span> <span class='ocrx_word' id='word_1_98' title='bbox 268 1501 447 1568; x_wconf 85' lang='lat' dir='ltr'>inferiorem</span> <span class='ocrx_word' id='word_1_99' title='bbox 467 1508 572 1569; x_wconf 86' lang='lat' dir='ltr'>autern</span> <span class='ocrx_word' id='word_1_100' title='bbox 591 1504 808 1586; x_wconf 81' lang='lat' dir='ltr'>gallinaceam.</span> <span class='ocrx_word' id='word_1_101' title='bbox 839 1505 951 1570; x_wconf 88' lang='lat' dir='ltr'>barum</span> <span class='ocrx_word' id='word_1_102' title='bbox 969 1503 1069 1569; x_wconf 86' lang='lat' dir='ltr'>fatum</span> <span class='ocrx_word' id='word_1_103' title='bbox 1086 1503 1147 1569; x_wconf 84' lang='lat' dir='ltr'>fuit</span> <span class='ocrx_word' id='word_1_104' title='bbox 1162 1504 1286 1569; x_wconf 87' lang='lat' dir='ltr'>tamdiu</span> <span class='ocrx_word' id='word_1_105' title='bbox 1302 1504 1413 1571; x_wconf 87' lang='lat' dir='ltr'>uivere</span> 
     </span>
     <span class='ocr_line' id='line_1_13' title="bbox 176 1614 1412 1696; baseline 0.003 -18"><span class='ocrx_word' id='word_1_106' title='bbox 176 1614 328 1696; x_wconf 89' lang='lat' dir='ltr'>quamdiu</span> <span class='ocrx_word' id='word_1_107' title='bbox 349 1633 458 1679; x_wconf 84' lang='lat' dir='ltr'>earum</span> <span class='ocrx_word' id='word_1_108' title='bbox 480 1620 607 1680; x_wconf 87' lang='lat' dir='ltr'>cantum</span> <span class='ocrx_word' id='word_1_109' title='bbox 623 1615 767 1680; x_wconf 85' lang='lat' dir='ltr'>mortalis</span> <span class='ocrx_word' id='word_1_110' title='bbox 791 1615 923 1680; x_wconf 88' lang='lat' dir='ltr'>audiens</span> <span class='ocrx_word' id='word_1_111' title='bbox 941 1633 1033 1680; x_wconf 94' lang='lat' dir='ltr'>nemo</span> <span class='ocrx_word' id='word_1_112' title='bbox 1048 1619 1290 1696; x_wconf 84' lang='lat' dir='ltr'>praetervectus</span> <span class='ocrx_word' id='word_1_113' title='bbox 1313 1620 1412 1682; x_wconf 80' lang='lat' dir='ltr'>esset</span> 
     </span>
     <span class='ocr_line' id='line_1_14' title="bbox 174 1726 1413 1809; baseline 0 -17"><span class='ocrx_word' id='word_1_114' title='bbox 174 1727 308 1808; x_wconf 82' lang='lat' dir='ltr'>Ulysses</span> <span class='ocrx_word' id='word_1_115' title='bbox 329 1726 468 1792; x_wconf 89' lang='lat' dir='ltr'>monitus</span> <span class='ocrx_word' id='word_1_116' title='bbox 491 1745 509 1791; x_wconf 84' lang='lat' dir='ltr'>a</span> <span class='ocrx_word' id='word_1_117' title='bbox 530 1727 619 1793; x_wconf 81' lang='lat' dir='ltr'>Circe</span> <span class='ocrx_word' id='word_1_118' title='bbox 638 1727 721 1792; x_wconf 85' lang='lat' dir='ltr'>Solis</span> <span class='ocrx_word' id='word_1_119' title='bbox 737 1726 804 1792; x_wconf 91' lang='lat' dir='ltr'>filia</span> <span class='ocrx_word' id='word_1_120' title='bbox 822 1727 916 1792; x_wconf 88' lang='lat' dir='ltr'>sociis</span> <span class='ocrx_word' id='word_1_121' title='bbox 935 1745 1007 1792; x_wconf 87' lang='lat' dir='ltr'>cera</span> <span class='ocrx_word' id='word_1_122' title='bbox 1022 1744 1116 1791; x_wconf 88' lang='lat' dir='ltr'>aures</span> <span class='ocrx_word' id='word_1_123' title='bbox 1132 1726 1296 1791; x_wconf 86' lang='lat' dir='ltr'>obturavit</span> <span class='ocrx_word' id='word_1_124' title='bbox 1311 1745 1413 1809; x_wconf 90' lang='lat' dir='ltr'>seque</span> 
     </span>
     <span class='ocr_line' id='line_1_15' title="bbox 175 1838 1413 1920; baseline 0.001 -17"><span class='ocrx_word' id='word_1_125' title='bbox 175 1839 217 1903; x_wconf 88' lang='lat' dir='ltr'>ad</span> <span class='ocrx_word' id='word_1_126' title='bbox 240 1839 384 1904; x_wconf 87' lang='lat' dir='ltr'>arborem</span> <span class='ocrx_word' id='word_1_127' title='bbox 406 1838 482 1903; x_wconf 91' lang='lat' dir='ltr'>mali</span> <span class='ocrx_word' id='word_1_128' title='bbox 505 1839 680 1920; x_wconf 86' lang='lat' dir='ltr'>constringi</span> <span class='ocrx_word' id='word_1_129' title='bbox 709 1838 805 1903; x_wconf 87' lang='lat' dir='ltr'>iussit</span> <span class='ocrx_word' id='word_1_130' title='bbox 832 1838 931 1903; x_wconf 87' lang='lat' dir='ltr'>etsie</span> <span class='ocrx_word' id='word_1_131' title='bbox 957 1842 1198 1920; x_wconf 83' lang='lat' dir='ltr'>praeteruectus</span> <span class='ocrx_word' id='word_1_132' title='bbox 1225 1841 1286 1903; x_wconf 90' lang='lat' dir='ltr'>est.</span> <span class='ocrx_word' id='word_1_133' title='bbox 1330 1838 1413 1905; x_wconf 87' lang='lat' dir='ltr'>Inde</span> 
     </span>
    </p>

    <p class='ocr_par' dir='ltr' id='par_1_4' title="bbox 109 1934 1413 2478">
     <span class='ocr_line' id='line_1_16' title="bbox 109 1934 1410 2033; baseline 0.004 -24"><span class='ocrx_word' id='word_1_134' title='bbox 109 1934 165 2010; x_wconf 84' lang='lat'>&#39;15</span> <span class='ocrx_word' id='word_1_135' title='bbox 175 1951 217 2014; x_wconf 91' lang='lat' dir='ltr'>ad</span> <span class='ocrx_word' id='word_1_136' title='bbox 232 1950 369 2032; x_wconf 86' lang='lat' dir='ltr'>Scyllam</span> <span class='ocrx_word' id='word_1_137' title='bbox 383 1949 546 2031; x_wconf 87' lang='lat' dir='ltr'>Typhonis</span> <span class='ocrx_word' id='word_1_138' title='bbox 562 1948 660 2014; x_wconf 88' lang='lat' dir='ltr'>filiam</span> <span class='ocrx_word' id='word_1_139' title='bbox 677 1950 773 2030; x_wconf 83' lang='lat' dir='ltr'>venit,</span> <span class='ocrx_word' id='word_1_140' title='bbox 794 1968 877 2031; x_wconf 88' lang='lat' dir='ltr'>quae</span> <span class='ocrx_word' id='word_1_141' title='bbox 894 1949 1089 2031; x_wconf 90' lang='lat' dir='ltr'>superiorem</span> <span class='ocrx_word' id='word_1_142' title='bbox 1105 1948 1248 2030; x_wconf 89' lang='lat' dir='ltr'>corporis</span> <span class='ocrx_word' id='word_1_143' title='bbox 1266 1948 1410 2033; x_wconf 72' lang='lat' dir='ltr'>{partomi</span> 
     </span>
     <span class='ocr_line' id='line_1_17' title="bbox 174 2059 1410 2143; baseline 0.001 -18"><span class='ocrx_word' id='word_1_144' title='bbox 174 2061 358 2126; x_wconf 90' lang='lat' dir='ltr'>muliebrem</span> <span class='ocrx_word' id='word_1_145' title='bbox 388 2059 568 2125; x_wconf 88' lang='lat' dir='ltr'>inferiorem</span> <span class='ocrx_word' id='word_1_146' title='bbox 598 2061 660 2126; x_wconf 84' lang='lat' dir='ltr'>‘ab</span> <span class='ocrx_word' id='word_1_147' title='bbox 689 2059 874 2143; x_wconf 81' lang='lat' dir='ltr'>inguine’</span> <span class='ocrx_word' id='word_1_148' title='bbox 904 2061 1001 2142; x_wconf 88' lang='lat' dir='ltr'>piscis</span> <span class='ocrx_word' id='word_1_149' title='bbox 1032 2065 1066 2124; x_wconf 85' lang='lat' dir='ltr'>et</span> <span class='ocrx_word' id='word_1_150' title='bbox 1095 2078 1152 2125; x_wconf 84' lang='lat' dir='ltr'>sex</span> <span class='ocrx_word' id='word_1_151' title='bbox 1181 2077 1277 2125; x_wconf 88' lang='lat' dir='ltr'>canes</span> <span class='ocrx_word' id='word_1_152' title='bbox 1309 2079 1350 2126; x_wconf 86' lang='lat' dir='ltr'>ex</span> <span class='ocrx_word' id='word_1_153' title='bbox 1372 2079 1410 2126; x_wconf 90' lang='lat' dir='ltr'>se</span> 
     </span>
     <span class='ocr_line' id='line_1_18' title="bbox 174 2171 1411 2254; baseline 0 -16"><span class='ocrx_word' id='word_1_154' title='bbox 174 2177 267 2239; x_wconf 82' lang='lat' dir='ltr'>notes</span> <span class='ocrx_word' id='word_1_155' title='bbox 288 2173 436 2253; x_wconf 85' lang='lat' dir='ltr'>habebat,</span> <span class='ocrx_word' id='word_1_156' title='bbox 459 2190 560 2253; x_wconf 87' lang='lat' dir='ltr'>caque</span> <span class='ocrx_word' id='word_1_157' title='bbox 582 2190 639 2237; x_wconf 86' lang='lat' dir='ltr'>sex</span> <span class='ocrx_word' id='word_1_158' title='bbox 661 2172 765 2237; x_wconf 88' lang='lat' dir='ltr'>socios</span> <span class='ocrx_word' id='word_1_159' title='bbox 781 2172 908 2254; x_wconf 90' lang='lat' dir='ltr'>Ulyssis</span> <span class='ocrx_word' id='word_1_160' title='bbox 930 2190 1012 2237; x_wconf 87' lang='lat' dir='ltr'>nave</span> <span class='ocrx_word' id='word_1_161' title='bbox 1034 2171 1185 2253; x_wconf 87' lang='lat' dir='ltr'>abreptos</span> <span class='ocrx_word' id='word_1_162' title='bbox 1201 2171 1411 2254; x_wconf 89' lang='lat' dir='ltr'>consumpsit.</span> 
     </span>
     <span class='ocr_line' id='line_1_19' title="bbox 174 2283 1412 2365; baseline -0.001 -16"><span class='ocrx_word' id='word_1_163' title='bbox 174 2286 211 2350; x_wconf 93' lang='lat' dir='ltr'>ln</span> <span class='ocrx_word' id='word_1_164' title='bbox 233 2285 371 2350; x_wconf 86' lang='lat' dir='ltr'>insulam</span> <span class='ocrx_word' id='word_1_165' title='bbox 395 2283 533 2350; x_wconf 82' lang='lat' dir='ltr'>Siciliam</span> <span class='ocrx_word' id='word_1_166' title='bbox 562 2285 604 2349; x_wconf 87' lang='lat' dir='ltr'>ad</span> <span class='ocrx_word' id='word_1_167' title='bbox 626 2283 710 2349; x_wconf 93' lang='lat' dir='ltr'>Solis</span> <span class='ocrx_word' id='word_1_168' title='bbox 741 2301 839 2365; x_wconf 92' lang='lat' dir='ltr'>pecus</span> <span class='ocrx_word' id='word_1_169' title='bbox 868 2301 993 2349; x_wconf 86' lang='lat' dir='ltr'>sacrum</span> <span class='ocrx_word' id='word_1_170' title='bbox 1022 2283 1308 2363; x_wconf 63' lang='lat' dir='ltr'>[veneratlfquod</span> <span class='ocrx_word' id='word_1_171' title='bbox 1332 2283 1412 2348; x_wconf 88' lang='lat' dir='ltr'>socii</span> 
     </span>
     <span class='ocr_line' id='line_1_20' title="bbox 175 2394 1413 2478; baseline -0.001 -16"><span class='ocrx_word' id='word_1_172' title='bbox 175 2397 244 2462; x_wconf 89' lang='lat' dir='ltr'>eius</span> <span class='ocrx_word' id='word_1_173' title='bbox 267 2415 337 2462; x_wconf 95' lang='lat' dir='ltr'>cum</span> <span class='ocrx_word' id='word_1_174' title='bbox 359 2401 546 2478; x_wconf 87' lang='lat' dir='ltr'>coquerent,</span> <span class='ocrx_word' id='word_1_175' title='bbox 568 2396 600 2460; x_wconf 94' lang='lat' dir='ltr'>in</span> <span class='ocrx_word' id='word_1_176' title='bbox 623 2402 704 2460; x_wconf 76' lang='lat' dir='ltr'>aeno</span> <span class='ocrx_word' id='word_1_177' title='bbox 726 2394 904 2476; x_wconf 83' lang='lat' dir='ltr'>mugiebat:</span> <span class='ocrx_word' id='word_1_178' title='bbox 934 2394 1094 2474; x_wconf 87' lang='lat' dir='ltr'>[monitus]</span> <span class='ocrx_word' id='word_1_179' title='bbox 1118 2394 1150 2458; x_wconf 93' lang='lat' dir='ltr'>id</span> <span class='ocrx_word' id='word_1_180' title='bbox 1173 2411 1214 2458; x_wconf 92' lang='lat' dir='ltr'>ne</span> <span class='ocrx_word' id='word_1_181' title='bbox 1236 2394 1413 2476; x_wconf 83' lang='lat' dir='ltr'>attingeret</span> 
     </span>
    </p>

    <p class='ocr_par' dir='ltr' id='par_1_5' title="bbox 122 2504 1414 2701">
     <span class='ocr_line' id='line_1_21' title="bbox 122 2504 1412 2588; baseline 0.003 -20"><span class='ocrx_word' id='word_1_182' title='bbox 122 2504 165 2568; x_wconf 80' lang='lat'>20</span> <span class='ocrx_word' id='word_1_183' title='bbox 174 2508 214 2573; x_wconf 91' lang='lat' dir='ltr'>ab</span> <span class='ocrx_word' id='word_1_184' title='bbox 236 2508 360 2574; x_wconf 88' lang='lat' dir='ltr'>Tiresia</span> <span class='ocrx_word' id='word_1_185' title='bbox 381 2514 414 2572; x_wconf 88' lang='lat' dir='ltr'>et</span> <span class='ocrx_word' id='word_1_186' title='bbox 437 2526 457 2572; x_wconf 87' lang='lat' dir='ltr'>a</span> <span class='ocrx_word' id='word_1_187' title='bbox 478 2507 567 2573; x_wconf 82' lang='lat' dir='ltr'>Circe</span> <span class='ocrx_word' id='word_1_188' title='bbox 588 2507 728 2572; x_wconf 89' lang='lat' dir='ltr'>monitus</span> <span class='ocrx_word' id='word_1_189' title='bbox 750 2506 883 2587; x_wconf 87' lang='lat' dir='ltr'>Ulysses</span> <span class='ocrx_word' id='word_1_190' title='bbox 913 2524 983 2570; x_wconf 90' lang='lat' dir='ltr'>cum</span> <span class='ocrx_word' id='word_1_191' title='bbox 1006 2506 1162 2588; x_wconf 87' lang='lat' dir='ltr'>[Ulysses]</span> <span class='ocrx_word' id='word_1_192' title='bbox 1186 2506 1412 2586; x_wconf 86' lang='lat' dir='ltr'>condormiret,</span> 
     </span>
     <span class='ocr_line' id='line_1_22' title="bbox 174 2618 1414 2701; baseline 0 -17"><span class='ocrx_word' id='word_1_193' title='bbox 174 2620 252 2685; x_wconf 91' lang='lat' dir='ltr'>socii</span> <span class='ocrx_word' id='word_1_194' title='bbox 275 2620 457 2685; x_wconf 78' lang='lat' dir='ltr'>involarent</span> <span class='ocrx_word' id='word_1_195' title='bbox 477 2637 591 2701; x_wconf 81' lang='lat' dir='ltr'>pecus3</span> <span class='ocrx_word' id='word_1_196' title='bbox 615 2618 724 2700; x_wconf 86' lang='lat' dir='ltr'>itaque</span> <span class='ocrx_word' id='word_1_197' title='bbox 746 2636 815 2683; x_wconf 91' lang='lat' dir='ltr'>curn</span> <span class='ocrx_word' id='word_1_198' title='bbox 839 2621 1023 2700; x_wconf 83' lang='lat' dir='ltr'>coquerent,</span> <span class='ocrx_word' id='word_1_199' title='bbox 1054 2635 1165 2682; x_wconf 87' lang='lat' dir='ltr'>cernes</span> <span class='ocrx_word' id='word_1_200' title='bbox 1187 2636 1227 2682; x_wconf 88' lang='lat' dir='ltr'>err</span> <span class='ocrx_word' id='word_1_201' title='bbox 1249 2624 1332 2683; x_wconf 79' lang='lat' dir='ltr'>edno</span> <span class='ocrx_word' id='word_1_202' title='bbox 1355 2619 1414 2684; x_wconf 87' lang='lat' dir='ltr'>da·</span> 
     </span>
    </p>

    <p class='ocr_par' dir='ltr' id='par_1_6' title="bbox 142 2728 1412 3034">
     <span class='ocr_line' id='line_1_23' title="bbox 142 2728 1412 2811; baseline -0.001 -15"><span class='ocrx_word' id='word_1_203' title='bbox 142 2729 146 2736; x_wconf 83' lang='grc'><strong>’</strong></span> <span class='ocrx_word' id='word_1_204' title='bbox 173 2732 251 2796; x_wconf 87' lang='lat' dir='ltr'>bant</span> <span class='ocrx_word' id='word_1_205' title='bbox 266 2731 403 2796; x_wconf 77' lang='lat' dir='ltr'>balatus,</span> <span class='ocrx_word' id='word_1_206' title='bbox 425 2730 465 2795; x_wconf 95' lang='lat' dir='ltr'>ob</span> <span class='ocrx_word' id='word_1_207' title='bbox 480 2730 513 2794; x_wconf 95' lang='lat' dir='ltr'>id</span> <span class='ocrx_word' id='word_1_208' title='bbox 531 2731 615 2795; x_wconf 89' lang='lat' dir='ltr'>Iovis</span> <span class='ocrx_word' id='word_1_209' title='bbox 632 2749 745 2796; x_wconf 86' lang='lat' dir='ltr'>navem</span> <span class='ocrx_word' id='word_1_210' title='bbox 762 2729 832 2794; x_wconf 89' lang='lat' dir='ltr'>eius</span> <span class='ocrx_word' id='word_1_211' title='bbox 849 2728 980 2794; x_wconf 89' lang='lat' dir='ltr'>frdmine</span> <span class='ocrx_word' id='word_1_212' title='bbox 996 2728 1145 2794; x_wconf 92' lang='lat' dir='ltr'>incendit.</span> <span class='ocrx_word' id='word_1_213' title='bbox 1166 2729 1276 2811; x_wconf 89' lang='lat' dir='ltr'>itaque</span> <span class='ocrx_word' id='word_1_214' title='bbox 1297 2731 1412 2808; x_wconf 60' lang='grc'><strong>11881-</strong></span> 
     </span>
     <span class='ocr_line' id='line_1_24' title="bbox 174 2839 1412 2922; baseline 0 -15"><span class='ocrx_word' id='word_1_215' title='bbox 174 2848 226 2908; x_wconf 89' lang='lat' dir='ltr'>tos</span> <span class='ocrx_word' id='word_1_216' title='bbox 250 2843 354 2908; x_wconf 87' lang='lat' dir='ltr'>socios</span> <span class='ocrx_word' id='word_1_217' title='bbox 378 2842 419 2906; x_wconf 94' lang='lat' dir='ltr'>ob</span> <span class='ocrx_word' id='word_1_218' title='bbox 441 2860 510 2906; x_wconf 91' lang='lat' dir='ltr'>eam</span> <span class='ocrx_word' id='word_1_219' title='bbox 530 2859 659 2906; x_wconf 88' lang='lat' dir='ltr'>causam</span> <span class='ocrx_word' id='word_1_220' title='bbox 680 2841 724 2907; x_wconf 93' lang='lat' dir='ltr'>ibi</span> <span class='ocrx_word' id='word_1_221' title='bbox 740 2842 856 2907; x_wconf 90' lang='lat' dir='ltr'>amisit.</span> <span class='ocrx_word' id='word_1_222' title='bbox 900 2842 951 2905; x_wconf 87' lang='lat' dir='ltr'>Ad</span> <span class='ocrx_word' id='word_1_223' title='bbox 973 2839 1163 2922; x_wconf 82' lang='lat' dir='ltr'>Charybdin,</span> <span class='ocrx_word' id='word_1_224' title='bbox 1185 2857 1268 2921; x_wconf 87' lang='lat' dir='ltr'>quae</span> <span class='ocrx_word' id='word_1_225' title='bbox 1283 2843 1338 2905; x_wconf 89' lang='lat' dir='ltr'>ter</span> <span class='ocrx_word' id='word_1_226' title='bbox 1359 2841 1412 2907; x_wconf 92' lang='lat' dir='ltr'>die</span> 
     </span>
     <span class='ocr_line' id='line_1_25' title="bbox 175 2951 1410 3034; baseline -0.001 -15"><span class='ocrx_word' id='word_1_227' title='bbox 175 2953 367 3019; x_wconf 88' lang='lat' dir='ltr'>obsorbebat</span> <span class='ocrx_word' id='word_1_228' title='bbox 388 2958 501 3033; x_wconf 85' lang='lat' dir='ltr'>terque</span> <span class='ocrx_word' id='word_1_229' title='bbox 523 2951 701 3017; x_wconf 87' lang='lat' dir='ltr'>eructabat:</span> <span class='ocrx_word' id='word_1_230' title='bbox 725 2971 762 3018; x_wconf 90' lang='lat' dir='ltr'>eo</span> <span class='ocrx_word' id='word_1_231' title='bbox 781 2954 903 3017; x_wconf 89' lang='lat' dir='ltr'>monitu</span> <span class='ocrx_word' id='word_1_232' title='bbox 918 2952 1061 3017; x_wconf 88' lang='lat' dir='ltr'>Tiresiae</span> <span class='ocrx_word' id='word_1_233' title='bbox 1077 2955 1319 3033; x_wconf 88' lang='lat' dir='ltr'>praetervectus</span> <span class='ocrx_word' id='word_1_234' title='bbox 1343 2957 1410 3034; x_wconf 87' lang='lat' dir='ltr'>est;</span> 
     </span>
    </p>

    <p class='ocr_par' dir='ltr' id='par_1_7' title="bbox 123 3061 1412 3259">
     <span class='ocr_line' id='line_1_26' title="bbox 123 3061 1412 3146; baseline -0.002 -14"><span class='ocrx_word' id='word_1_235' title='bbox 123 3066 165 3132; x_wconf 82' lang='lat'>25</span> <span class='ocrx_word' id='word_1_236' title='bbox 176 3066 234 3131; x_wconf 91' lang='lat' dir='ltr'>sed</span> <span class='ocrx_word' id='word_1_237' title='bbox 255 3065 305 3130; x_wconf 89' lang='lat' dir='ltr'>ira</span> <span class='ocrx_word' id='word_1_238' title='bbox 327 3063 410 3129; x_wconf 86' lang='lat' dir='ltr'>Solis</span> <span class='ocrx_word' id='word_1_239' title='bbox 432 3063 592 3145; x_wconf 76' lang='lat' dir='ltr'>perlatuS,</span> <span class='ocrx_word' id='word_1_240' title='bbox 615 3065 699 3145; x_wconf 90' lang='lat' dir='ltr'>qued</span> <span class='ocrx_word' id='word_1_241' title='bbox 722 3083 820 3146; x_wconf 88' lang='lat' dir='ltr'>pecus</span> <span class='ocrx_word' id='word_1_242' title='bbox 842 3064 910 3130; x_wconf 92' lang='lat' dir='ltr'>eius</span> <span class='ocrx_word' id='word_1_243' title='bbox 934 3067 1004 3128; x_wconf 87' lang='lat' dir='ltr'>erat</span> <span class='ocrx_word' id='word_1_244' title='bbox 1025 3061 1191 3142; x_wconf 86' lang='lat' dir='ltr'>violatum,</span> <span class='ocrx_word' id='word_1_245' title='bbox 1214 3080 1285 3127; x_wconf 90' lang='lat' dir='ltr'>cum</span> <span class='ocrx_word' id='word_1_246' title='bbox 1307 3062 1342 3128; x_wconf 93' lang='lat' dir='ltr'>in</span> <span class='ocrx_word' id='word_1_247' title='bbox 1363 3064 1412 3129; x_wconf 90' lang='lat' dir='ltr'>in-</span> 
     </span>
     <span class='ocr_line' id='line_1_27' title="bbox 175 3172 1411 3259; baseline -0.001 -17"><span class='ocrx_word' id='word_1_248' title='bbox 175 3176 277 3242; x_wconf 90' lang='lat' dir='ltr'>sulam</span> <span class='ocrx_word' id='word_1_249' title='bbox 300 3175 369 3240; x_wconf 88' lang='lat' dir='ltr'>eius</span> <span class='ocrx_word' id='word_1_250' title='bbox 392 3175 552 3255; x_wconf 74' lang='lat' dir='ltr'>venisset,</span> <span class='ocrx_word' id='word_1_251' title='bbox 573 3175 663 3259; x_wconf 77' lang='lat' dir='ltr'>lliclet</span> <span class='ocrx_word' id='word_1_252' title='bbox 684 3176 805 3240; x_wconf 89' lang='lat' dir='ltr'>monitu</span> <span class='ocrx_word' id='word_1_253' title='bbox 827 3174 1130 3241; x_wconf 84' lang='lat' dir='ltr'>Tiresiae&#39;vetuerit</span> <span class='ocrx_word' id='word_1_254' title='bbox 1151 3172 1272 3239; x_wconf 80' lang='lat' dir='ltr'>uiolari.</span> <span class='ocrx_word' id='word_1_255' title='bbox 1295 3193 1337 3240; x_wconf 92' lang='lat' dir='ltr'>ex</span> <span class='ocrx_word' id='word_1_256' title='bbox 1359 3176 1411 3241; x_wconf 89' lang='lat' dir='ltr'>his</span> 
     </span>
    </p>
   </div>
   <div class='ocr_carea' id='block_1_3' title="bbox 173 3369 1412 4484">
    <p class='ocr_par' dir='ltr' id='par_1_8' title="bbox 173 3369 1412 4484">
     <span class='ocr_line' id='line_1_28' title="bbox 175 3369 1412 3451; baseline 0 -19"><span class='ocrx_word' id='word_1_257' title='bbox 175 3389 188 3432; x_wconf 93' lang='lat'>1</span> <span class='ocrx_word' id='word_1_258' title='bbox 213 3384 417 3445; x_wconf 81' lang='lat' dir='ltr'>nausiphoumT</span> <span class='ocrx_word' id='word_1_259' title='bbox 442 3397 497 3430; x_wconf 86' lang='lat' dir='ltr'>corr</span> <span class='ocrx_word' id='word_1_260' title='bbox 515 3383 571 3430; x_wconf 85' lang='lat' dir='ltr'>Mic.</span> <span class='ocrx_word' id='word_1_261' title='bbox 589 3369 647 3430; x_wconf 53' lang='lat' dir='ltr'>issm</span> <span class='ocrx_word' id='word_1_262' title='bbox 666 3380 676 3451; x_wconf 74' lang='lat' dir='ltr'>u</span> <span class='ocrx_word' id='word_1_263' title='bbox 702 3383 861 3443; x_wconf 86' lang='lat' dir='ltr'>proficiscens</span> <span class='ocrx_word' id='word_1_264' title='bbox 887 3384 918 3430; x_wconf 84' lang='lat' dir='ltr'>od</span> <span class='ocrx_word' id='word_1_265' title='bbox 935 3384 1062 3433; x_wconf 83' lang='lat' dir='ltr'>Avernum</span> <span class='ocrx_word' id='word_1_266' title='bbox 1086 3382 1181 3430; x_wconf 81' lang='lat' dir='ltr'>delatus</span> <span class='ocrx_word' id='word_1_267' title='bbox 1204 3381 1275 3429; x_wconf 84' lang='lat' dir='ltr'>schol</span> <span class='ocrx_word' id='word_1_268' title='bbox 1334 3384 1412 3432; x_wconf 69' lang='lat' dir='ltr'>Ede·</span> 
     </span>
     <span class='ocr_line' id='line_1_29' title="bbox 175 3472 1412 3544; baseline -0.002 -17"><span class='ocrx_word' id='word_1_269' title='bbox 175 3480 278 3527; x_wconf 81' lang='lat' dir='ltr'>scandit.</span> <span class='ocrx_word' id='word_1_270' title='bbox 304 3476 418 3544; x_wconf 69' lang='lat' dir='ltr'>lroliquos</span> <span class='ocrx_word' id='word_1_271' title='bbox 443 3478 541 3526; x_wconf 83' lang='lat' dir='ltr'>labores</span> <span class='ocrx_word' id='word_1_272' title='bbox 564 3478 617 3526; x_wconf 89' lang='lat' dir='ltr'>oius</span> <span class='ocrx_word' id='word_1_273' title='bbox 642 3478 775 3540; x_wconf 82' lang='lat' dir='ltr'>Tyrhesios</span> <span class='ocrx_word' id='word_1_274' title='bbox 799 3483 869 3525; x_wconf 78' lang='lat' dir='ltr'>votes</span> <span class='ocrx_word' id='word_1_275' title='bbox 893 3474 1004 3542; x_wconf 71' lang='lat' dir='ltr'>edocuitl.</span> <span class='ocrx_word' id='word_1_276' title='bbox 1041 3476 1193 3523; x_wconf 82' lang='lat' dir='ltr'>Schelle.</span> <span class='ocrx_word' id='word_1_277' title='bbox 1215 3472 1225 3542; x_wconf 76' lang='grc' dir='ltr'>ΙΙ</span> <span class='ocrx_word' id='word_1_278' title='bbox 1247 3475 1412 3542; x_wconf 63' lang='lat' dir='ltr'>Ehrbcnorcm</span> 
     </span>
     <span class='ocr_line' id='line_1_30' title="bbox 173 3569 1411 3633; baseline -0.001 -12"><span class='ocrx_word' id='word_1_279' title='bbox 173 3573 260 3621; x_wconf 78' lang='lat' dir='ltr'>comm</span> <span class='ocrx_word' id='word_1_280' title='bbox 312 3571 349 3621; x_wconf 76' lang='lat'>*7</span> <span class='ocrx_word' id='word_1_281' title='bbox 369 3573 483 3620; x_wconf 82' lang='lat' dir='ltr'>lacunam</span> <span class='ocrx_word' id='word_1_282' title='bbox 508 3572 628 3620; x_wconf 82' lang='lat' dir='ltr'>indicavit</span> <span class='ocrx_word' id='word_1_283' title='bbox 645 3573 729 3633; x_wconf 82' lang='lat' dir='ltr'>Lange</span> <span class='ocrx_word' id='word_1_284' title='bbox 746 3587 769 3633; x_wconf 91' lang='lat' dir='ltr'>p.</span> <span class='ocrx_word' id='word_1_285' title='bbox 789 3574 803 3618; x_wconf 85' lang='grc'><strong>9</strong></span> <span class='ocrx_word' id='word_1_286' title='bbox 865 3575 895 3620; x_wconf 91' lang='grc'>11</span> <span class='ocrx_word' id='word_1_287' title='bbox 914 3572 1000 3619; x_wconf 86' lang='lat' dir='ltr'>tandiu</span> <span class='ocrx_word' id='word_1_288' title='bbox 1018 3571 1038 3616; x_wconf 82' lang='lat' dir='ltr'>E</span> <span class='ocrx_word' id='word_1_289' title='bbox 1055 3570 1148 3617; x_wconf 82' lang='lat' dir='ltr'>tamdiu</span> <span class='ocrx_word' id='word_1_290' title='bbox 1165 3569 1251 3617; x_wconf 70' lang='lat' dir='ltr'>(lorum</span> <span class='ocrx_word' id='word_1_291' title='bbox 1314 3571 1411 3620; x_wconf 67' lang='lat'><strong>1301&gt;</strong></span> 
     </span>
     <span class='ocr_line' id='line_1_31' title="bbox 174 3662 1410 3725; baseline -0.002 -9"><span class='ocrx_word' id='word_1_292' title='bbox 174 3667 309 3715; x_wconf 78' lang='lat' dir='ltr'>duravitF</span> <span class='ocrx_word' id='word_1_293' title='bbox 334 3682 389 3713; x_wconf 84' lang='lat' dir='ltr'>corr</span> <span class='ocrx_word' id='word_1_294' title='bbox 414 3665 500 3714; x_wconf 88' lang='lat' dir='ltr'>Comm</span> <span class='ocrx_word' id='word_1_295' title='bbox 560 3669 591 3714; x_wconf 83' lang='lat'>14</span> <span class='ocrx_word' id='word_1_296' title='bbox 615 3667 746 3714; x_wconf 84' lang='lat' dir='ltr'>malumE</span> <span class='ocrx_word' id='word_1_297' title='bbox 770 3667 827 3714; x_wconf 89' lang='lat' dir='ltr'>secl.</span> <span class='ocrx_word' id='word_1_298' title='bbox 847 3665 909 3725; x_wconf 81' lang='lat' dir='ltr'>Seli,</span> <span class='ocrx_word' id='word_1_299' title='bbox 936 3679 991 3712; x_wconf 88' lang='lat' dir='ltr'>eorr</span> <span class='ocrx_word' id='word_1_300' title='bbox 1008 3663 1034 3715; x_wconf 87' lang='grc' dir='ltr'>Σ</span> <span class='ocrx_word' id='word_1_301' title='bbox 1059 3666 1114 3712; x_wconf 88' lang='lat' dir='ltr'>coll.</span> <span class='ocrx_word' id='word_1_302' title='bbox 1140 3665 1208 3713; x_wconf 82' lang='lat' dir='ltr'>Serv.</span> <span class='ocrx_word' id='word_1_303' title='bbox 1233 3662 1295 3712; x_wconf 75' lang='lat' dir='ltr'>Aen.</span> <span class='ocrx_word' id='word_1_304' title='bbox 1315 3664 1340 3709; x_wconf 93' lang='lat' dir='ltr'>V</span> <span class='ocrx_word' id='word_1_305' title='bbox 1359 3667 1410 3714; x_wconf 77' lang='grc'>504</span> 
     </span>
     <span class='ocr_line' id='line_1_32' title="bbox 175 3757 1409 3822; baseline -0.001 -12"><span class='ocrx_word' id='word_1_306' title='bbox 175 3764 205 3811; x_wconf 84' lang='grc'>15</span> <span class='ocrx_word' id='word_1_307' title='bbox 224 3765 319 3821; x_wconf 83' lang='lat' dir='ltr'>purtem</span> <span class='ocrx_word' id='word_1_308' title='bbox 338 3774 377 3807; x_wconf 92' lang='lat' dir='ltr'>om</span> <span class='ocrx_word' id='word_1_309' title='bbox 395 3763 415 3807; x_wconf 82' lang='lat' dir='ltr'><strong>F</strong></span> <span class='ocrx_word' id='word_1_310' title='bbox 434 3762 482 3809; x_wconf 84' lang='lat' dir='ltr'>odi.</span> <span class='ocrx_word' id='word_1_311' title='bbox 500 3761 588 3809; x_wconf 81' lang='lat' dir='ltr'>Comm</span> <span class='ocrx_word' id='word_1_312' title='bbox 640 3764 671 3809; x_wconf 80' lang='grc'>11</span> <span class='ocrx_word' id='word_1_313' title='bbox 689 3761 811 3822; x_wconf 81' lang='lat' dir='ltr'>ulyxisE</span> <span class='ocrx_word' id='word_1_314' title='bbox 835 3760 924 3818; x_wconf 78' lang='lat' dir='ltr'>ulyssis</span> <span class='ocrx_word' id='word_1_315' title='bbox 939 3757 964 3809; x_wconf 78' lang='grc' dir='ltr'>Σ</span> <span class='ocrx_word' id='word_1_316' title='bbox 987 3760 1059 3807; x_wconf 70' lang='lat' dir='ltr'>ulixis</span> <span class='ocrx_word' id='word_1_317' title='bbox 1077 3760 1115 3806; x_wconf 91' lang='lat' dir='ltr'>Bu</span> <span class='ocrx_word' id='word_1_318' title='bbox 1174 3763 1204 3809; x_wconf 83' lang='lat'>18</span> <span class='ocrx_word' id='word_1_319' title='bbox 1223 3760 1350 3808; x_wconf 85' lang='lat' dir='ltr'>‘videntur</span> <span class='ocrx_word' id='word_1_320' title='bbox 1367 3761 1409 3809; x_wconf 89' lang='lat' dir='ltr'>hic</span> 
     </span>
     <span class='ocr_line' id='line_1_33' title="bbox 173 3855 1410 3916; baseline 0 -12"><span class='ocrx_word' id='word_1_321' title='bbox 173 3861 287 3916; x_wconf 84' lang='lat' dir='ltr'>corrupta</span> <span class='ocrx_word' id='word_1_322' title='bbox 311 3856 446 3915; x_wconf 80' lang='lat' dir='ltr'>quaedam,</span> <span class='ocrx_word' id='word_1_323' title='bbox 473 3858 594 3916; x_wconf 84' lang='lat' dir='ltr'>quaedum</span> <span class='ocrx_word' id='word_1_324' title='bbox 611 3856 685 3903; x_wconf 85' lang='lat' dir='ltr'>etium</span> <span class='ocrx_word' id='word_1_325' title='bbox 703 3855 853 3915; x_wconf 86' lang='lat' dir='ltr'>transposita</span> <span class='ocrx_word' id='word_1_326' title='bbox 870 3869 938 3914; x_wconf 88' lang='lat' dir='ltr'>esse,</span> <span class='ocrx_word' id='word_1_327' title='bbox 965 3855 1088 3902; x_wconf 90' lang='lat' dir='ltr'>noluimus</span> <span class='ocrx_word' id='word_1_328' title='bbox 1113 3858 1194 3901; x_wconf 84' lang='lat' dir='ltr'>tamen</span> <span class='ocrx_word' id='word_1_329' title='bbox 1218 3855 1353 3914; x_wconf 80' lang='lat' dir='ltr'>quiequam</span> <span class='ocrx_word' id='word_1_330' title='bbox 1377 3856 1410 3904; x_wconf 70' lang='lat' dir='ltr'>ab</span> 
     </span>
     <span class='ocr_line' id='line_1_34' title="bbox 173 3946 1411 4014; baseline 0.001 -16"><span class='ocrx_word' id='word_1_331' title='bbox 173 3951 274 4011; x_wconf 84' lang='lat' dir='ltr'>antiquo</span> <span class='ocrx_word' id='word_1_332' title='bbox 299 3950 432 4010; x_wconf 84' lang='lat' dir='ltr'>exemplari</span> <span class='ocrx_word' id='word_1_333' title='bbox 449 3950 569 3998; x_wconf 82' lang='lat' dir='ltr'>recedere’</span> <span class='ocrx_word' id='word_1_334' title='bbox 587 3951 643 3997; x_wconf 86' lang='lat' dir='ltr'>Mic.</span> <span class='ocrx_word' id='word_1_335' title='bbox 662 3951 678 3996; x_wconf 88' lang='lat' dir='ltr'>i.</span> <span class='ocrx_word' id='word_1_336' title='bbox 696 3964 721 3994; x_wconf 93' lang='lat' dir='ltr'>m</span> <span class='ocrx_word' id='word_1_337' title='bbox 741 3946 751 4014; x_wconf 71' lang='grc'>11</span> <span class='ocrx_word' id='word_1_338' title='bbox 769 3955 866 3995; x_wconf 78' lang='lat' dir='ltr'>nouerat</span> <span class='ocrx_word' id='word_1_339' title='bbox 884 3950 934 3995; x_wconf 87' lang='lat' dir='ltr'>secl</span> <span class='ocrx_word' id='word_1_340' title='bbox 950 3946 976 3998; x_wconf 87' lang='grc' dir='ltr'>Σ</span> <span class='ocrx_word' id='word_1_341' title='bbox 1039 3952 1078 3997; x_wconf 83' lang='lat' dir='ltr'>1b.</span> <span class='ocrx_word' id='word_1_342' title='bbox 1098 3950 1128 3996; x_wconf 75' lang='lat'>21</span> <span class='ocrx_word' id='word_1_343' title='bbox 1148 3948 1266 3996; x_wconf 84' lang='lat' dir='ltr'>ahenoE</span> <span class='ocrx_word' id='word_1_344' title='bbox 1288 3953 1354 3998; x_wconf 74' lang='lat' dir='ltr'>alluo</span> <span class='ocrx_word' id='word_1_345' title='bbox 1371 3952 1411 3999; x_wconf 85' lang='lat' dir='ltr'>Bu</span> 
     </span>
     <span class='ocr_line' id='line_1_35' title="bbox 175 4042 1411 4104; baseline 0.002 -11"><span class='ocrx_word' id='word_1_346' title='bbox 175 4047 206 4093; x_wconf 85' lang='grc'>19</span> <span class='ocrx_word' id='word_1_347' title='bbox 224 4045 395 4092; x_wconf 77' lang='lat' dir='ltr'>monitosseel.</span> <span class='ocrx_word' id='word_1_348' title='bbox 414 4042 439 4092; x_wconf 82' lang='grc' dir='ltr'><strong>Σ</strong></span> <span class='ocrx_word' id='word_1_349' title='bbox 484 4046 516 4091; x_wconf 79' lang='lat'>20</span> <span class='ocrx_word' id='word_1_350' title='bbox 539 4045 633 4104; x_wconf 74' lang='lat' dir='ltr'>Ulysnes</span> <span class='ocrx_word' id='word_1_351' title='bbox 651 4042 738 4093; x_wconf 74' lang='grc' dir='ltr'><strong>8881Σ</strong></span> <span class='ocrx_word' id='word_1_352' title='bbox 779 4047 809 4091; x_wconf 80' lang='lat'>21</span> <span class='ocrx_word' id='word_1_353' title='bbox 829 4042 900 4102; x_wconf 73' lang='lat' dir='ltr'>idqqc</span> <span class='ocrx_word' id='word_1_354' title='bbox 912 4044 967 4090; x_wconf 88' lang='lat' dir='ltr'>coni</span> <span class='ocrx_word' id='word_1_355' title='bbox 979 4044 1105 4090; x_wconf 84' lang='lat' dir='ltr'>Hermann</span> <span class='ocrx_word' id='word_1_356' title='bbox 1147 4046 1178 4090; x_wconf 78' lang='grc'>11</span> <span class='ocrx_word' id='word_1_357' title='bbox 1197 4048 1294 4091; x_wconf 76' lang='lat' dir='ltr'>cunctos</span> <span class='ocrx_word' id='word_1_358' title='bbox 1313 4043 1411 4095; x_wconf 67' lang='lat' dir='ltr'>coni2</span> 
     </span>
     <span class='ocr_line' id='line_1_36' title="bbox 174 4135 1411 4205; baseline 0.001 -19"><span class='ocrx_word' id='word_1_359' title='bbox 174 4138 187 4205; x_wconf 78' lang='grc' dir='ltr'>ΙΙ</span> <span class='ocrx_word' id='word_1_360' title='bbox 200 4141 289 4199; x_wconf 76' lang='lat' dir='ltr'>‘itaque</span> <span class='ocrx_word' id='word_1_361' title='bbox 306 4141 397 4186; x_wconf 89' lang='lat' dir='ltr'>multos</span> <span class='ocrx_word' id='word_1_362' title='bbox 416 4175 421 4184; x_wconf 94' lang='lat'>.</span> <span class='ocrx_word' id='word_1_363' title='bbox 441 4174 447 4185; x_wconf 94' lang='lat'><strong><em>.</em></strong></span> <span class='ocrx_word' id='word_1_364' title='bbox 466 4172 473 4186; x_wconf 92' lang='lat'><strong>.</strong></span> <span class='ocrx_word' id='word_1_365' title='bbox 491 4138 589 4187; x_wconf 84' lang='lat' dir='ltr'>violari’</span> <span class='ocrx_word' id='word_1_366' title='bbox 607 4145 664 4198; x_wconf 84' lang='lat' dir='ltr'>post</span> <span class='ocrx_word' id='word_1_367' title='bbox 681 4138 797 4186; x_wconf 86' lang='lat' dir='ltr'>‘monitus</span> <span class='ocrx_word' id='word_1_368' title='bbox 815 4137 925 4200; x_wconf 82' lang='lat' dir='ltr'>Ulysses&#39;</span> <span class='ocrx_word' id='word_1_369' title='bbox 944 4138 1051 4184; x_wconf 70' lang='lat' dir='ltr'>habeto*</span> <span class='ocrx_word' id='word_1_370' title='bbox 1068 4137 1165 4184; x_wconf 80' lang='lat' dir='ltr'>traiecit</span> <span class='ocrx_word' id='word_1_371' title='bbox 1182 4135 1207 4186; x_wconf 80' lang='grc' dir='ltr'><strong>Σ</strong></span> <span class='ocrx_word' id='word_1_372' title='bbox 1249 4140 1283 4186; x_wconf 77' lang='grc'>111</span> <span class='ocrx_word' id='word_1_373' title='bbox 1301 4138 1411 4201; x_wconf 77' lang='lat' dir='ltr'>charyb-</span> 
     </span>
     <span class='ocr_line' id='line_1_37' title="bbox 173 4229 1412 4298; baseline 0.002 -18"><span class='ocrx_word' id='word_1_374' title='bbox 173 4235 264 4294; x_wconf 87' lang='lat' dir='ltr'>diuquo</span> <span class='ocrx_word' id='word_1_375' title='bbox 289 4234 399 4293; x_wconf 82' lang='lat' dir='ltr'>perlatus</span> <span class='ocrx_word' id='word_1_376' title='bbox 423 4238 460 4280; x_wconf 87' lang='lat' dir='ltr'>ter</span> <span class='ocrx_word' id='word_1_377' title='bbox 477 4235 498 4278; x_wconf 79' lang='lat' dir='ltr'>E</span> <span class='ocrx_word' id='word_1_378' title='bbox 514 4234 610 4281; x_wconf 75' lang='lat' dir='ltr'>traiecit</span> <span class='ocrx_word' id='word_1_379' title='bbox 635 4239 659 4281; x_wconf 89' lang='lat' dir='ltr'>et</span> <span class='ocrx_word' id='word_1_380' title='bbox 680 4247 735 4281; x_wconf 91' lang='lat' dir='ltr'>corr</span> <span class='ocrx_word' id='word_1_381' title='bbox 752 4231 778 4281; x_wconf 79' lang='grc' dir='ltr'>Σ</span> <span class='ocrx_word' id='word_1_382' title='bbox 837 4235 869 4280; x_wconf 78' lang='lat'>24</span> <span class='ocrx_word' id='word_1_383' title='bbox 888 4247 940 4278; x_wconf 82' lang='lat' dir='ltr'>eom</span> <span class='ocrx_word' id='word_1_384' title='bbox 958 4231 1005 4279; x_wconf 81' lang='lat' dir='ltr'>Seli</span> <span class='ocrx_word' id='word_1_385' title='bbox 1027 4229 1037 4298; x_wconf 80' lang='grc' dir='ltr'>ΙΙ</span> <span class='ocrx_word' id='word_1_386' title='bbox 1058 4233 1107 4278; x_wconf 89' lang='lat' dir='ltr'>imo</span> <span class='ocrx_word' id='word_1_387' title='bbox 1125 4230 1226 4279; x_wconf 83' lang='lat' dir='ltr'>‘Circes&#39;</span> <span class='ocrx_word' id='word_1_388' title='bbox 1248 4232 1293 4279; x_wconf 85' lang='lat' dir='ltr'>sed</span> <span class='ocrx_word' id='word_1_389' title='bbox 1311 4238 1412 4282; x_wconf 77' lang='lat' dir='ltr'>mutuno</span> 
     </span>
     <span class='ocr_line' id='line_1_38' title="bbox 173 4325 1411 4387; baseline 0.002 -13"><span class='ocrx_word' id='word_1_390' title='bbox 173 4329 249 4375; x_wconf 91' lang='lat' dir='ltr'>nolui.</span> <span class='ocrx_word' id='word_1_391' title='bbox 268 4331 375 4374; x_wconf 84' lang='lat' dir='ltr'>ceterum</span> <span class='ocrx_word' id='word_1_392' title='bbox 392 4328 439 4375; x_wconf 90' lang='lat' dir='ltr'>boc</span> <span class='ocrx_word' id='word_1_393' title='bbox 456 4328 565 4375; x_wconf 84' lang='lat' dir='ltr'>voluisse</span> <span class='ocrx_word' id='word_1_394' title='bbox 583 4327 680 4374; x_wconf 84' lang='lat' dir='ltr'>videtur</span> <span class='ocrx_word' id='word_1_395' title='bbox 698 4333 799 4375; x_wconf 85' lang='lat' dir='ltr'>auctor:</span> <span class='ocrx_word' id='word_1_396' title='bbox 817 4327 854 4386; x_wconf 84' lang='lat' dir='ltr'>eb,</span> <span class='ocrx_word' id='word_1_397' title='bbox 873 4342 928 4375; x_wconf 89' lang='lat' dir='ltr'>cum</span> <span class='ocrx_word' id='word_1_398' title='bbox 946 4327 1041 4373; x_wconf 89' lang='lat' dir='ltr'>monitu</span> <span class='ocrx_word' id='word_1_399' title='bbox 1053 4325 1137 4374; x_wconf 81' lang='lat' dir='ltr'>Circes</span> <span class='ocrx_word' id='word_1_400' title='bbox 1155 4339 1210 4374; x_wconf 85' lang='lat' dir='ltr'>earn</span> <span class='ocrx_word' id='word_1_401' title='bbox 1221 4330 1411 4387; x_wconf 77' lang='lat' dir='ltr'>praetervectus</span> 
     </span>
     <span class='ocr_line' id='line_1_39' title="bbox 174 4419 843 4484; baseline 0.001 -15"><span class='ocrx_word' id='word_1_402' title='bbox 174 4426 248 4482; x_wconf 84' lang='lat' dir='ltr'>essct,</span> <span class='ocrx_word' id='word_1_403' title='bbox 265 4421 303 4469; x_wconf 79' lang='lat' dir='ltr'>ira</span> <span class='ocrx_word' id='word_1_404' title='bbox 320 4420 384 4469; x_wconf 78' lang='lat' dir='ltr'>Solis</span> <span class='ocrx_word' id='word_1_405' title='bbox 402 4427 440 4471; x_wconf 89' lang='lat' dir='ltr'>est</span> <span class='ocrx_word' id='word_1_406' title='bbox 456 4424 565 4484; x_wconf 83' lang='lat' dir='ltr'>perlatus</span> <span class='ocrx_word' id='word_1_407' title='bbox 617 4423 649 4468; x_wconf 72' lang='lat' dir='ltr'>ab</span> <span class='ocrx_word' id='word_1_408' title='bbox 668 4427 692 4469; x_wconf 85' lang='lat' dir='ltr'>ot</span> <span class='ocrx_word' id='word_1_409' title='bbox 708 4422 729 4467; x_wconf 85' lang='lat' dir='ltr'>E</span> <span class='ocrx_word' id='word_1_410' title='bbox 746 4421 801 4470; x_wconf 75' lang='lat' dir='ltr'>licet</span> <span class='ocrx_word' id='word_1_411' title='bbox 817 4419 843 4470; x_wconf 82' lang='grc' dir='ltr'>Σ</span> 
     </span>
    </p>
   </div>
   <div class='ocr_carea' id='block_1_4' title="bbox 0 0 1546 4950">
    <p class='ocr_par' dir='ltr' id='par_1_9' title="bbox 0 0 1546 4950">
     <span class='ocr_line' id='line_1_40' title="bbox 0 0 1546 4950; baseline 0 0"><span class='ocrx_word' id='word_1_412' title='bbox 0 0 1546 4950; x_wconf 95' lang='lat' dir='ltr'> </span> 
     </span>
    </p>
   </div>
  </div>
 </body>
</html>
