3082 4950
809 221 851 287 62

212 338 325 436 Danae
355 372 541 453 concubuit,
571 392 609 438 ex
637 391 699 455 quo
729 391 914 456 compressu
941 380 1037 440 natus
1066 379 1118 440 est
1145 375 1292 442 Perseus.
1343 376 1453 454 Quam

211 487 305 564 pater
335 483 375 548 ob
399 489 545 565 stuprum
567 484 723 550 inclusam
751 485 784 550 in
815 503 889 550 area
912 503 982 550 cum
1003 485 1121 551 Perseo
1151 487 1182 551 in
1206 506 1293 554 mare
1322 488 1452 554 deiecit.

213 611 252 658 es
272 593 437 659 voluntate
459 595 543 660 Iovis
567 594 676 661 delata
697 602 748 663 est
770 596 809 661 in¹
824 595 962 661 insulam
986 597 1162 679 Seriphum
1189 617 1283 680 quam
1305 599 1452 681 piscator

213 703 323 786 Dictys
347 723 416 769 cum
445 706 623 771 invenisset
645 707 776 773 effracta
801 708 882 773 vidit
903 707 1067 773 mulierem
1096 727 1167 774 eum
1196 709 1333 790 infante,
1366 728 1451 792 quos

182 814 256 881 bad
276 834 384 898 regem
399 815 603 898 Polydectem
619 820 777 900 perduxit.
799 819 854 900 qui
876 836 945 883 eam
967 819 1001 883 in
1021 820 1167 902 coniugio
1188 820 1301 886 habuit
1322 828 1357 887 et
1372 822 1452 887 Per-

213 946 302 992 seum
326 927 473 992 educavit
494 927 526 993 in
549 928 669 1011 templo
692 929 864 995 Minervae.
909 929 1000 1007 Quod
1024 949 1095 996 cum
1117 931 1261 998 Acrisius
1282 931 1451 1014 rescisset,

213 1059 268 1105 eos
298 1040 340 1104 ad
370 1039 572 1120 Polydectem
604 1040 734 1120 morari,
768 1041 938 1122 repetitum
970 1060 1024 1106 eos
1055 1041 1216 1124 profectus
1246 1047 1306 1107 est.
1336 1043 1449 1123 qu0[dl

213 1171 281 1218 cum
305 1151 462 1230 venisset,
484 1143 673 1233 Polydectes
696 1170 754 1232 pro
777 1152 823 1216 eis
846 1153 1036 1234 deprecatus
1060 1161 1126 1218 est:
1157 1153 1295 1219 Perseus
1319 1154 1451 1220 Acrisio

211 1281 271 1328 avo
302 1281 360 1327 suo
386 1260 482 1327 fidem
511 1262 601 1327 dedit
630 1281 666 1329 se
697 1282 768 1329 eum
798 1282 957 1345 nunquam
985 1263 1237 1331 interfecturum.¹
1282 1264 1344 1341 Qui
1375 1283 1450 1331 cum

162 1373 403 1454 lOtempestate
423 1373 623 1453 retineretur,
644 1374 833 1456 Polydectes
855 1374 995 1441 moritur.
1018 1376 1068 1441 cui
1090 1393 1161 1440 cum
1181 1374 1332 1441 funebres
1347 1376 1447 1445 ludos

211 1485 361 1566 lacerent,
383 1484 521 1549 Perseus
544 1484 633 1550 diseo
649 1485 757 1566 misso,
779 1504 872 1567 quem
894 1493 1009 1553 ventus
1029 1487 1163 1568 distulit
1184 1485 1330 1579 inlfregitl
1346 1494 1450 1570 caput

212 1595 341 1676 Acrisii,
369 1600 402 1661 et
432 1613 504 1660 eum
533 1594 698 1662 interiecit.
730 1596 777 1663 ita
802 1599 887 1679 quod
916 1598 1080 1665 voluntate
1108 1617 1168 1665 sua
1189 1597 1291 1664 noluit
1312 1599 1450 1667 deorum

211 1708 330 1775 lactum
353 1712 412 1775 est
444 1706 570 1788 sepulto
595 1713 703 1773 autem
731 1727 768 1775 eo
791 1709 895 1791 Argos
917 1711 1079 1792 profectus
1101 1714 1151 1775 est
1171 1728 1334 1792 regnaque
1357 1712 1450 1779 avita

211 1819 365 1903 possedit.

618 1972 773 2081 suxlssl
795 2016 1000 2083 Andromeda

162 2152 202 2216 15
297 2151 451 2233 Cassiope
465 2151 550 2217 filiae
567 2171 644 2217 suae
660 2153 882 2218 Andromedae
896 2152 1029 2218 formam
1043 2152 1233 2218 Nereidibus
1250 2154 1447 2235 anteposuit

212 2266 252 2331 ob
273 2265 306 2331 id
328 2265 497 2345 Neptunus
520 2263 751 2364 expostulavit,
774 2269 810 2328 ut
832 2263 1034 2330 Andromeda
1057 2264 1173 2346 Cephei
1194 2264 1261 2328 filla
1282 2270 1353 2329 ceto
1377 2265 1447 2331 obi-

212 2384 343 2444 ceretur.
388 2375 477 2452 Quae
507 2393 576 2440 cum
606 2379 694 2440 esset
721 2375 846 2440 obieeta
867 2374 1004 2440 Perseus
1027 2376 1175 2441 Mercurii
1205 2377 1445 2443 ‘talaribus’

211 2490 324 2557 volans
345 2506 383 2553 eo
406 2486 521 2552 dicitur
542 2487 670 2553 venisse
692 2491 726 2552 et
747 2504 817 2551 eam
836 2484 991 2553 liberasse
1011 2503 1031 2551 a
1052 2486 1202 2568 periculo.
1246 2487 1349 2565 Quam
1372 2506 1445 2555 cum

211 2602 369 2669 abducere
398 2598 511 2678 vellet,
541 2597 687 2678 Cepheus
708 2602 802 2679 pater
831 2615 901 2662 cum
923 2598 1083 2679 Agenore,
1113 2597 1201 2664 cuius
1224 2616 1346 2679 sponsa
1374 2598 1447 2683 luit,

160 2708 202 2773 20
211 2687 363 2779 Perseum
388 2710 469 2775 clam
491 2707 668 2775 interficere
690 2710 866 2775 voluerunt.
885 2709 940 2775 ille
962 2710 1090 2792 cognita
1107 2728 1142 2774 re
1165 2716 1262 2791 caput
1284 2710 1447 2792 Gorgonis

212 2824 259 2890 eis
283 2821 423 2888 ostendit
444 2837 617 2901 omnesque
639 2819 680 2885 ab
698 2821 838 2885 humana
861 2820 967 2902 specie
988 2827 1064 2887 sunt
1085 2821 1246 2887 informati
1267 2822 1300 2887 ln
1320 2841 1446 2889 saxum.

211 2935 348 2999 Perseus
364 2950 434 2996 cum
450 2930 656 2995 Andromeda
668 2931 701 2995 in
717 2931 855 3012 patriam
869 2932 961 2996 redit.
985 2930 996 3017 ll
1021 2931 1211 3014 Polydectes
1228 2933 1295 2998 sive
1306 2933 1445 3001 Proetus

213 3047 263 3130 luti
286 3043 367 3109 vidit
388 3042 538 3108 Perseum
562 3046 685 3107 tantam
706 3040 937 3107 ‘virtutem’
960 3042 1092 3123 habere,
1122 3042 1288 3124 pertimuit
1308 3063 1447 3128 eumque

211 3177 269 3240 per
299 3155 407 3223 dolum
433 3151 610 3219 interficere
637 3152 746 3217 voluit.
777 3171 841 3234 qua
869 3172 905 3219 re
932 3153 1058 3236 cognita
1079 3153 1216 3221 Perseus
1246 3161 1342 3237 caput
1363 3157 1447 3224 Gor

159 3265 303 3352 Pbgonis
319 3267 349 3333 ei
365 3265 506 3331 ostendit
521 3269 554 3329 et
573 3264 602 3329 is
625 3263 665 3330 ab
687 3263 827 3331 humana
847 3264 954 3346 specie
976 3269 1028 3330 est
1040 3265 1226 3331 immutatus
1241 3265 1274 3332 in
1295 3266 1447 3349 lapidem.

279 3458 414 3517 Aeffraeta
433 3451 475 3520 {eol
496 3453 596 3514 Comm3
615 3453 741 3501 inuenisset
757 3460 779 3501 et
796 3452 926 3514 effreyisset
942 3452 1003 3502 ce'dit
1019 3454 1104 3515 Lange
1122 3470 1145 3515 p.
1160 3457 1191 3503 31
1236 3456 1249 3503 ‘1
1268 3456 1335 3516 quod
1352 3456 1373 3503 F
1391 3471 1448 3505 corr

210 3552 260 3600 Mic
285 3602 287 3607 ,
310 3555 325 3600 8
352 3550 482 3598 devenisset
505 3549 576 3595 malit
592 3545 618 3597 Σ
672 3550 711 3596 11.
732 3551 762 3596 12
780 3549 885 3597 Perseus
902 3549 1026 3597 Acrisium
1052 3549 1119 3597 disco
1143 3551 1234 3610 misso,
1259 3565 1331 3611 quem
1356 3556 1447 3600 ventus

210 3647 306 3695 distulit
322 3647 348 3693 in
367 3650 441 3706 eaput
458 3645 524 3702 eins,
550 3643 670 3704 percussit
688 3647 712 3693 et
729 3643 850 3691 interfecit
870 3642 956 3704 Lange
973 3657 996 3703 p.
1009 3645 1057 3703 443
1084 3642 1170 3691 ‘avom'
1188 3658 1233 3704 pro
1252 3648 1284 3692 ‘et
1301 3644 1364 3692 eum’
1383 3646 1446 3694 Ber·

209 3742 276 3789 thius
329 3743 358 3788 11
384 3740 410 3787 in
427 3744 502 3799 caput
519 3738 539 3783 P
556 3735 676 3802 {elfreyitl
695 3744 769 3798 captet
791 3735 817 3786 Σ
871 3740 902 3786 12
927 3737 1003 3785 anhalt
1022 3734 1060 3808 ledi
1080 3737 1132 3786 fob.
1145 3737 1295 3788 ccnxxm
1357 3741 1388 3787 13
1414 3747 1450 3789 est

210 3834 318 3901 {somine}
337 3835 387 3882 fab.
401 3833 552 3883 ccnxxlu
585 3847 590 3859 ·

279 3931 375 3977 ΒΧΙΠΙ
393 3927 546 3976 andromeda
564 3927 583 3973 F
602 3940 656 3974 corr
673 3926 716 3973 Mu
753 3930 784 3977 ld
803 3926 1006 3974 andromadaeP
1048 3929 1078 3975 16
1097 3927 1283 3976 andromadae
1319 3930 1350 3977 lt
1370 3926 1448 3977 ovid.

213 4025 270 4072 Met.
289 4025 324 4072 IV
343 4025 391 4072 666
446 4023 475 4070 19
501 4022 622 4068 adducere
639 4021 660 4067 F
678 4035 732 4067 corr
750 4021 806 4068 Mic.
825 4021 841 4067 i.
859 4036 883 4067 m
904 4019 913 4085 ΙΙ
926 4020 1032 4080 fuerat?
1084 4023 1114 4068 21
1134 4021 1275 4083 omnesque]
1300 4021 1330 4071 cf.
1349 4022 1448 4071 XXXV

217 4123 248 4169 22
268 4118 421 4165 andromeda
437 4113 481 4182 PH
493 4115 551 4162 hinc
568 4115 655 4175 incipit
671 4130 736 4162 nova
754 4116 839 4162 fabulo
857 4115 905 4162 nisi
916 4116 979 4162 forte
997 4115 1179 4175 interpolatoris
1197 4121 1235 4165 est
1252 4116 1449 4167 additamentum

218 4218 249 4264 23
270 4209 308 4279 lot!
333 4213 382 4258 add
399 4211 454 4258 Seh.
490 4210 634 4277 ‘Polydectep
660 4209 717 4272 [sive
740 4208 854 4270 Proetus]'
881 4224 913 4257 an
941 4209 1085 4272 [Polydectes
1111 4211 1167 4271 siae]
1192 4211 1291 4258 Proetus
1315 4211 1349 4259 sit
1372 4212 1449 4260 corri-

217 4309 324 4367 gendum
341 4307 474 4354 incertum:
492 4304 554 4351 illud
572 4318 628 4350 oum
645 4303 767 4352 Bursinno
784 4304 830 4350 IIB
842 4302 926 4351 XCIII
943 4318 967 4364 p.
979 4306 1026 4353 771
1045 4307 1203 4365 praetulerim
1219 4310 1319 4366 propter
1336 4304 1363 4352 id
1381 4307 1450 4366 quod

210 4407 248 4447 est
266 4398 397 4448 ‘virtutem'
416 4400 472 4447 coll.
492 4397 565 4447 Ovid.
585 4398 643 4446 Mat.
662 4399 684 4444 V
703 4399 752 4447 243
806 4400 838 4446 25
858 4397 977 4458 spatior
