3082 4950
685 174 753 291 41¹

548 410 584 514 rs
593 465 655 531 VH
676 465 818 547 Antiopa

176 601 317 685 Antiopa
330 602 444 685 Nyctei
458 601 525 667 filia
541 601 581 667 ab
600 602 732 684 Epopeo
757 621 817 684 per
833 602 940 667 dolum
963 606 1013 667 est
1029 605 1193 683 stuprata:
1214 599 1324 681 itaque

92 715 215 796 aLyco
231 714 299 779 vir'o
317 733 375 780 suo
398 715 500 779 eiecta
523 718 581 779 est.
627 715 719 780 Hanc
739 714 868 780 viduam
893 713 1014 796 Iupiter
1040 710 1237 793 compressit
1282 712 1323 775 At

90 827 196 909 Lycus
210 826 327 893 Dircen
344 825 377 890 in
394 825 628 890 matrimonium
644 825 741 906 duxit,
764 826 815 891 cui
831 825 970 907 suspicio
986 823 1096 892 incidit
1113 823 1215 888 virum
1229 840 1323 887 suum

92 937 173 1003 clam
193 956 264 1004 cum
280 937 421 1019 Antiopa
443 937 667 1003 concubuisse:
697 938 805 1018 itaque
821 936 990 1019 imperavit
1004 934 1131 1001 famulis
1150 939 1187 999 ut
1201 951 1272 999 eam
1289 933 1322 997 in

92 1049 235 1115 tenebris
251 1049 389 1115 vinctam
407 1049 599 1114 clauderent.
644 1048 702 1115 Gui
722 1053 893 1131 postquam
907 1053 1020 1130 partus
1036 1047 1188 1127 instabat
1211 1037 1351 1126 effugitb

93 1179 132 1225 ex
154 1160 289 1227 vinculis
305 1160 390 1226 Iovis
406 1159 569 1225 voluntate
586 1159 618 1225 in
638 1166 777 1225 montem
793 1159 1029 1226 Cithaeronem:
1062 1176 1195 1240 cumque
1209 1160 1323 1238 partus

90 1278 252 1356 premeret
275 1276 308 1338 et
328 1276 496 1354 quaereret
518 1271 572 1336 ubi
593 1275 736 1355 pareret,
766 1272 857 1337 dolor
874 1290 943 1338 eam
965 1271 997 1336 in
1020 1271 1092 1355 ipso
1110 1269 1194 1334 bivio
1217 1267 1323 1349 coegit

91 1388 220 1466 partum
237 1384 342 1450 edere.
373 1402 453 1465 quos
469 1388 617 1466 pastores
633 1402 691 1465 pro
711 1383 777 1448 suis
800 1383 975 1448 educarunt
997 1387 1028 1448 et
1044 1381 1247 1464 appellarunt
1265 1381 1323 1445 Ze·

91 1487 344 1578 111110οἆπότοῦ
360 1493 466 1574 ζητεῖν
480 1490 592 1575 τόπον,
609 1493 743 1560 alterum
755 1500 861 1559 autem
875 1493 1085 1575 Amphionem
1102 1488 1152 1558 ὅτι
1169 1489 1203 1557 ἐν
1221 1485 1321 1575 διόδῳ

88 1599 182 1695 ’ἦὸοι
207 1599 292 1694 ἀμφὶ
315 1601 392 1670 ὁδὸν
413 1598 509 1671 αὐτὸν
531 1601 637 1671 ἔτεκεν
658 1605 692 1670 id
711 1611 761 1670 est
782 1605 930 1687 quoniam
953 1605 987 1670 in
1010 1605 1094 1670 bivio
1118 1622 1189 1670 eum
1213 1602 1322 1667 edidit.
1331 1594 1373 1659 10

92 1718 154 1796 Qui
179 1723 350 1800 postquam
373 1722 505 1782 matrem
521 1716 757 1808 agnoverunt*
779 1717 895 1782 Dircen
922 1717 964 1781 ad
986 1721 1112 1782 taurum
1135 1714 1322 1780 indomitum

91 1828 265 1910 deligatam
280 1829 348 1894 vita
361 1829 536 1911 privarunt
581 1827 627 1893 Ex
642 1828 732 1895 cuius
750 1847 860 1894 cruore
873 1829 905 1893 in
920 1832 1028 1894 monte
1044 1827 1234 1893 Cithaerone
1249 1823 1322 1890 fons

92 1946 143 2006 est
161 1945 271 2020 natea,
294 1940 347 2022 qui
363 1940 518 2006 Dircaeus
541 1945 592 2006 est
610 1941 807 2023 appellatum
829 1939 980 2005 beneficio
997 1938 1116 2020 Liberi,
1145 1938 1231 2021 quod
1252 1937 1321 2002 eius

91 2051 213 2118 baccha
233 2051 348 2118 fuerat

278 2236 387 2313 lvnl
408 2248 528 2315 Eadem
550 2249 713 2332 Euripidis
736 2267 831 2331 quam
853 2249 964 2315 scribit
983 2249 1105 2314 Ennius

177 2385 291 2468 Nyctei
314 2385 400 2468 regis
417 2385 451 2450 in
467 2385 601 2451 Boeotia
616 2385 678 2451 fuit
694 2385 760 2452 filia
777 2386 925 2469 Antiopa.
956 2386 1024 2452 eius
1040 2385 1162 2451 formae
1179 2384 1322 2450 bonitate
1332 2386 1372 2452 15

92 2496 238 2579 Iuppiter
265 2497 422 2562 adductus
447 2496 612 2580 gravidam
635 2497 719 2562 feeit.
749 2517 844 2580 quam
870 2501 1058 2580 paternum
1084 2497 1198 2580 punire
1216 2495 1321 2578 vellet,

66 2660 68 2665 .
92 2614 224 2693 propter
246 2612 392 2690 stuprum
415 2606 564 2674 minitans
590 2609 780 2690 periculum,
809 2609 950 2690 Antiopa
973 2607 1084 2691 effugit
1106 2608 1139 2674 in
1159 2607 1321 2674 Cithaero-

91 2738 180 2800 nem,
210 2719 295 2802 parit
312 2719 453 2802 geminos
477 2725 510 2784 et
532 2718 708 2803 relilnlquit.
739 2738 818 2802 quos
843 2725 955 2802 pastor
976 2719 1140 2800 educavit,
1170 2716 1320 2802 Zetlblum

92 2835 124 2897 et
138 2831 348 2913 Amphionem
372 2831 553 2896 nominavit.
598 2831 681 2896 Casu
699 2831 731 2896 in
759 2833 870 2897 eodem
889 2831 959 2897 loco
976 2850 1038 2913 quo
1059 2831 1115 2896 illa
1131 2834 1322 2913 pervenerat

92 2943 243 3024 Epopeus
260 2941 425 3024 Sicyonius
445 2941 561 3008 stabat.
587 2943 616 3008 is
634 2943 798 3008 mulierem
818 2944 984 3008 advectam
1003 2944 1096 3008 domo
1120 2941 1321 3008 matrimonio
1330 2946 1373 3010 20

93 3071 151 3119 suo
174 3053 285 3119 iunxit.
328 3054 365 3119 Id
386 3055 571 3136 Nyctleleus
596 3073 691 3137 aegre
715 3054 819 3121 ferens
842 3073 912 3120 cum
935 3059 1112 3121 moreretur
1127 3055 1212 3136 Lyco
1230 3053 1321 3118 fratri

92 3183 151 3229 suo
167 3184 227 3247 per
244 3164 490 3231 obtestationem
508 3166 653 3246 mandat,
675 3184 715 3230 ne
728 3165 889 3247 impunem
905 3166 1076 3248 Antiopam
1092 3165 1197 3231 ferret.
1226 3164 1320 3229 huius

91 3280 167 3358 post
188 3281 322 3341 mortem
341 3277 464 3358 Lycus,
487 3276 537 3342 eui
556 3282 625 3341 tum
646 3295 780 3358 regnum
797 3277 1009 3359 relinquebat,
1038 3276 1203 3359 Sicyonem
1220 3275 1321 3341 venit:

162 3470 174 3514 1
194 3466 526 3528 apaphoFatmyth.Vat
545 3467 606 3514 197
625 3468 650 3514 11
669 3466 924 3537 srcorrMiatm
976 3467 1150 3528 aleppitern
1168 3481 1223 3514 corr
1235 3465 1321 3514 Comm

92 3564 107 3609 3
126 3562 226 3622 Dyrcen
244 3561 330 3608 Oomm
379 3564 394 3609 6
413 3563 570 3622 cytheronem
587 3562 608 3607 F
626 3576 667 3609 aaa
683 3558 826 3621 Aracyntho
845 3562 901 3609 add.
918 3562 994 3624 myth.
1012 3562 1068 3609 Vat.
1087 3564 1102 3609 1.
1117 3578 1136 3609 0.
1159 3557 1169 3628 ΙΙ
1190 3563 1219 3611 ol.
1238 3564 1322 3623 Unger

91 3654 170 3703 Theb.
188 3656 274 3716 parad.
291 3671 317 3716 p.
331 3658 380 3705 288
424 3656 562 3704 Saetonh*
580 3671 634 3703 corr
645 3656 685 3702 Bu
728 3656 759 3704 10
777 3647 835 3719 ἤτοι
852 3649 1195 3725 ἅμφόδῳ...ἰηΙαηιῙόίυιό
1213 3658 1277 3706 coni.
1294 3656 1320 3708 Σ

94 3753 123 3797 11
143 3746 195 3797 *ct
212 3749 290 3810 myth.
303 3750 385 3797 Vatl
402 3765 426 3811 p.
441 3753 482 3809 32,
501 3752 541 3797 23.
562 3752 593 3798 24
638 3754 669 3798 12
688 3765 790 3811 corpora
807 3751 828 3796 F
846 3751 960 3810 sanquine
977 3751 1054 3812 myth.
1071 3752 1127 3799 Vat.
1146 3755 1158 3800 I
1177 3757 1223 3813 97,
1242 3769 1264 3814 p.
1279 3755 1320 3812 32,

93 3846 126 3892 25
146 3845 220 3891 11³⁷
238 3846 337 3904 p.100‚
357 3846 372 3890 9
391 3859 445 3891 corr
464 3842 489 3893 Σ
509 3841 519 3910 ΙΙ
542 3846 711 3907 cytheronch*
766 3846 796 3892 1³
816 3845 912 3892 dirceus
930 3845 951 3890 F
969 3860 1023 3892 corr
1040 3845 1083 3892 Mn

163 3937 225 3985 VIII
242 3936 325 3985 Schol.
352 3939 435 3999 Apoll.
453 3939 533 3986 Rhod.
552 3939 587 3986 IV
607 3942 672 3988 1090
694 3954 718 4000 p.
733 3940 795 3997 bll,
821 3941 963 3997 93-515,
987 3942 1017 3986 11
1045 3940 1137 3988 Endoc.
1162 3940 1227 3987 Viol.
1250 3956 1274 4000 p.
1288 3942 1320 3988 18

95 4028 191 4098 liquam
208 4031 290 4079 ambit
306 4032 401 4079 Ennius
420 4048 468 4080 om.
486 4034 560 4080 index
584 4039 662 4082 totum
680 4038 753 4094 capnt
769 4033 906 4081 BursIanus
923 4033 1092 4094 interpolatori
1109 4035 1253 4082 vindicabat
1269 4036 1285 4080 l.
1299 4051 1319 4082 0.

96 4128 127 4174 16
146 4126 282 4186 dignitate?
299 4132 327 4174 nt
344 4126 362 4173 I.
376 4131 408 4176 ta
429 4126 439 4192 ΙΙ
457 4128 597 4175 boeoeiaF
650 4132 680 4176 ll
708 4129 741 4174 ‘in
766 4128 924 4189 cytheronem
943 4128 1152 4176 ...nominavit'
1175 4129 1201 4175 in
1223 4130 1244 4174 F
1264 4134 1322 4188 post

96 4219 215 4267 ‘adduxit'
233 4222 248 4267 l.
268 4223 300 4269 23
318 4222 400 4282 posita
418 4222 466 4269 hue
483 4213 538 4269 trai.
557 4220 582 4271 Σ
626 4224 657 4270 18
675 4223 789 4282 relinquit
805 4222 848 4269 IIn
890 4224 922 4270 20
940 4222 1051 4283 epaphus
1069 4224 1089 4269 F
1108 4238 1168 4270 corr.
1187 4222 1245 4269 mie.
1263 4223 1278 4268 i.
1296 4238 1320 4270 m

93 4317 124 4362 22
143 4320 200 4375 post
224 4315 340 4362 ‘mandat’
363 4315 389 4362 in
407 4316 428 4361 F
445 4318 559 4377 leguntur
583 4317 629 4364 ‘eni
652 4321 704 4364 tum
727 4332 830 4377 regnum
853 4316 1014 4377 relinquebat
1034 4314 1044 4384 {l
1063 4316 1163 4376 impune
1182 4317 1321 4377 antiopah'

93 4421 155 4455 corr.
172 4409 262 4456 Nauck
315 4412 347 4459 29
366 4410 414 4458 ‘eui
431 4443 477 4459 ...
496 4410 658 4472 relinquebat
675 4411 723 4458 huc
740 4410 842 4458 retraxit
859 4409 884 4460 Σ
906 4408 916 4476 ΙΙ
935 4410 1064 4474 Syrianam
1081 4412 1102 4458 F
1120 4425 1184 4458 corr.
1203 4412 1290 4460 comm
