3082 4950
740 209 779 276 81

624 449 756 515 LXXIX
777 448 902 515 Helena

233 586 375 653 Theseus
391 586 491 669 Aegei
513 591 546 653 et
560 587 700 652 Aethrae
722 585 840 651 Pitthei
860 584 946 651 filiae
968 584 1054 651 filius
1073 604 1143 651 curn
1160 585 1302 653 Pirithoo
1317 586 1379 651 Ixi-

149 695 218 762 onis
247 696 313 763 filio
343 697 500 764 Helenam
530 697 690 779 Tyndarei
720 701 754 763 et
783 697 891 764 Ledae
921 697 1019 762 filiam
1049 697 1203 779 virginem
1233 699 1274 764 de
1304 697 1379 762 fano

148 807 272 874 Dianae
296 807 528 875 sacrificantem
550 813 728 891 rapuerunt
749 812 782 873 et
804 807 988 874 detulerunt
1009 808 1177 890 Aphidnas
1205 809 1237 874 in
1262 826 1380 891 pagum

149 918 274 984 Atticae
288 919 436 1002 regionis.
459 958 500 967 -
530 920 625 999 Quod
638 919 724 986 Iovis
747 938 803 985 eos
827 938 898 985 cum
919 918 1055 985 vidisset
1069 924 1191 985 tantam
1214 920 1380 985 audaciam

148 1029 276 1110 habere,
298 1035 334 1096 ut
350 1049 385 1096 se
400 1032 463 1113 ipsi
478 1033 519 1097 ad
534 1032 709 1114 periculum
729 1031 887 1112 offerrent,
909 1032 941 1096 in
957 1031 1063 1114 quiete
1085 1031 1131 1097 eis
1145 1030 1323 1113 imperavit,
1346 1035 1410 1100 utb

149 1144 297 1222 peterent
318 1142 411 1208 ambo
439 1142 615 1209 aPlutone
638 1143 780 1209 Pirithoo
804 1142 1030 1225 Proserpinam
1057 1142 1089 1208 in
1112 1142 1300 1224 coniugium.
1329 1143 1382 1225 qui

150 1269 220 1317 cum
242 1271 301 1333 per
322 1253 490 1330 'sinsulam
512 1255 700 1321 Taenariam
728 1255 770 1320 ad
791 1253 911 1320 inferos
935 1253 1179 1319 descendissent
1201 1259 1233 1320 et
1255 1255 1295 1320 de
1318 1273 1381 1336 qua

148 1382 184 1428 re
205 1363 370 1436 venissent
390 1365 568 1431 indicarent
583 1366 724 1446 Plutoni,
747 1365 877 1431 aforis
900 1365 994 1431 strati
1016 1365 1134 1447 diuque
1147 1365 1280 1430 lacerati
1296 1370 1380 1430 sunt.

151 1492 213 1556 quo
229 1474 385 1541 Hercules
402 1477 444 1541 ad
462 1494 572 1542 canem
586 1476 755 1558 tricipitem
772 1477 950 1542 ducendum
966 1494 1037 1541 cum
1051 1476 1203 1554 venisset,
1225 1475 1272 1540 illi
1286 1473 1380 1540 fidem

87 1627 89 1631 -
151 1580 220 1651 cius
241 1586 460 1668 implorarunt.
493 1588 547 1669 qui
566 1607 586 1652 a
605 1587 741 1653 Plutone
764 1587 948 1669 impetravit
970 1605 1089 1669 eosque
1111 1586 1285 1652 incolumes
1308 1587 1384 1652 edu·
1394 1591 1435 1656 10

150 1697 206 1762 xit.
228 1735 270 1743 —
318 1698 369 1763 Ad
395 1698 553 1765 Helenam
581 1698 725 1765 *Castor
753 1703 785 1764 et
812 1698 924 1764 Pollux
951 1697 1068 1763 fratres
1096 1697 1323 1781 belligerarent
1354 1703 1386 1764 et

152 1808 307 1874 Aethram
325 1809 441 1876 Thesei
464 1814 599 1876 matrem
622 1816 654 1877 et
677 1809 893 1887 †Phisadiem
914 1809 1047 1874 Pirithoi
1070 1827 1211 1875 sororem
1233 1814 1386 1892 ceperunt

153 1920 239 1986 etin
261 1920 449 1987 seruitutem
472 1921 574 1988 sorori
597 1922 764 1988 dederunt.

642 2118 760 2184 LXXX
781 2118 897 2186 Castor

239 2254 316 2320 Idas
339 2258 372 2321 et
392 2255 539 2338 Lynceus
561 2255 702 2336 Apharei
723 2253 780 2320 filii
807 2274 846 2320 ex
867 2254 1025 2320 Messenis
1048 2254 1228 2320 habuerunt
1249 2272 1386 2336 sponsas

155 2365 305 2433 Phoeben
335 2370 368 2432 et
400 2365 571 2450 lHillairam
600 2365 755 2448 Leucippi
782 2364 875 2431 filias.
907 2366 971 2431 hae
1000 2368 1106 2431 antem
1137 2364 1386 2430 formosissimae
1398 2377 1437 2442 15

155 2477 295 2559 virgines
323 2495 394 2543 cum
424 2483 534 2543 essent
562 2481 595 2543 et
624 2482 712 2542 esset
734 2475 862 2542 Phoebe
890 2477 1041 2542 sacerdos
1064 2475 1226 2542 Minervae
1249 2475 1388 2560 lHillaira

156 2587 294 2669 Dianae,
316 2588 432 2655 Castor
453 2596 486 2654 et
500 2587 614 2653 Pollux
628 2606 736 2653 amore
759 2587 880 2653 incensi
895 2605 950 2653 eas
965 2592 1149 2668 rapuerunt.
1192 2585 1244 2650 Illi
1261 2585 1387 2652 amissis

157 2700 287 2782 sponsis
308 2718 398 2765 arma
412 2700 563 2780 tulerunt,
586 2699 614 2765 si
630 2703 763 2781 possent
785 2716 1053 2780 easrecuperare.
1097 2696 1212 2763 Castor
1226 2700 1388 2779 Lynceum

156 2811 190 2877 in
210 2811 332 2894 praelio
354 2810 521 2877 interfecit.
564 2811 640 2876 Idas
655 2810 775 2876 amisso
794 2809 894 2876 fratre
909 2808 1016 2875 omisit
1030 2808 1147 2875 bellum
1163 2814 1197 2874 et
1212 2813 1386 2890 [sponsam]

159 2923 265 3005 coepit
285 2922 575 3018 iratremlsepelire.
598 2940 668 2989 cum
692 2940 769 2988 ossa
790 2923 858 2988 eius
875 2920 1044 2988 collocaret
1064 2921 1097 2998 in
1120 2920 1194 3003 pila,
1217 2920 1389 2987 intervenit
1398 2927 1440 2991 20

159 3035 275 3101 Castor
291 3039 324 3100 et
345 3033 514 3116 prohibere
535 3032 640 3115 coepit
659 3038 896 3100 monumentum
913 3031 998 3114 fieri,
1020 3034 1105 3116 quod
1126 3032 1246 3098 diceret
1263 3050 1299 3098 se
1318 3051 1390 3098 eum
1491 3084 1494 3090 ,

160 3144 252 3228 quasi
272 3144 466 3226 doleminam
485 3163 671 3228 superasse:
693 3145 769 3210 Idas
786 3144 957 3224 indignans
974 3144 1082 3227 gladio
1101 3162 1163 3226 quo
1180 3143 1302 3209 cinctus
1320 3149 1390 3209 erat

160 3256 285 3324 Castori
313 3256 446 3339 inguina
474 3256 609 3322 traiecit.
658 3256 721 3321 Alii
751 3254 876 3336 dicunt,
907 3255 1173 3336 quemadmodum
1201 3254 1391 3321 aedificabat

159 3368 273 3452 pilam,
296 3386 394 3450 snper
410 3367 575 3434 Castorem
590 3367 756 3449 impulisse
773 3373 806 3432 et
820 3365 867 3431 sic
881 3364 1092 3432 interfectum.
1136 3364 1230 3443 Quod
1246 3383 1317 3430 cum
1335 3383 1391 3431 an-

162 3480 347 3547 nuntiasset
368 3478 499 3560 Polluci,
521 3478 658 3544 accurrit
679 3484 713 3544 et
733 3478 824 3543 Idam
846 3495 909 3541 uno
931 3477 1053 3559 praelio
1077 3475 1240 3558 superavit
1262 3485 1442 3560 corpus-25

162 3610 225 3675 que
245 3589 355 3658 fratris
377 3594 599 3675 recuperatum
617 3590 801 3673 sepulturae
817 3588 914 3653 dedit.
958 3588 1037 3654 Cum
1055 3592 1160 3687 autem
1176 3587 1247 3669 ipse
1264 3589 1392 3656 stellam

163 3702 204 3771 ab
219 3704 295 3769 one
317 3701 495 3784 accepisset
516 3705 549 3768 et
563 3700 655 3768 lratri
677 3718 740 3767 non
756 3705 844 3767 esset
866 3701 951 3781 data,
973 3699 1045 3766 ideo
1061 3699 1146 3781 quod
1161 3698 1282 3766 diceret
1295 3700 1392 3781 Iovis,

233 3918 369 3968 hethaeas
387 3917 408 3964 P
425 3932 480 3966 corr
496 3917 540 3966 th
591 3917 727 3967 lineatam
744 3913 1044 3983 suspectumsstenereem
1061 3915 1082 3962 F
1100 3929 1155 3963 corr
1173 3915 1259 3964 Comm
1306 3919 1393 3977 8pro·

166 4013 238 4062 strati
247 4012 304 4060 Mic.
316 4011 332 4059 i.
344 4027 369 4060 m
428 4016 512 4062 10.11
531 4011 613 4059 educat
628 4011 664 4058 ad
678 4012 797 4059 belemm:
814 4010 900 4060 Castor
917 4013 992 4070 vulgo
1027 4009 1114 4057 eatae.
1134 4008 1169 4057 Ob
1181 4010 1296 4057 Helenam
1308 4007 1394 4058 Castor

165 4108 221 4157 coni
232 4108 275 4156 Mu
312 4111 342 4156 11
361 4107 477 4154 Ηεῐιηαηι
495 4105 580 4172 lanum
595 4102 791 4173 recuperaqedan'r}
805 4105 892 4154 Castor·
902 4106 957 4153 coni
970 4102 995 4153 Σ
1032 4105 1062 4152 12
1081 4104 1197 4152 Thisadie
1214 4104 1264 4152 sab.
1278 4102 1348 4152 XCII
1362 4108 1393 4154 16

236 4206 268 4251 14
286 4202 412 4249 Messenia
429 4207 570 4263 suspectum
587 4199 612 4250 Σ
661 4203 691 4249 15
709 4201 797 4248 lairam
814 4202 835 4247 F
852 4201 956 4248 liobam
967 4199 1016 4246 Mic
1028 4198 1152 4246 Ierairom
1164 4199 1202 4244 Bu
1249 4202 1280 4246 id
1299 4198 1394 4246 laireF

166 4298 246 4345 Iaera
262 4297 312 4345 llic
329 4295 428 4344 Haase
446 4297 484 4343 Bu
531 4299 562 4346 19
581 4308 693 4357 sponsum
710 4297 769 4343 secl.
787 4293 812 4345 Σ
859 4299 892 4346 20
909 4294 1031 4357 coepeqm
1047 4292 1134 4342 Comm
1179 4294 1213 4341 24
1231 4293 1266 4338 sic
1284 4290 1394 4359 leoml'z'

168 4391 182 4459 Η
192 4391 379 4440 annuariarsmt
394 4389 442 4438 soh
460 4391 631 4440 assumtam
648 4396 709 4437 esset
725 4387 750 4438 Σ

219 4486 246 4526 Μ.
261 4484 360 4530 Schmidt,
374 4484 447 4532 uram
463 4484 547 4524 Tabulae
1173 4488 1190 4541 6
