3082 4950
795 226 838 294 58

204 380 262 457 set
277 376 306 442 is
323 395 418 459 quam
433 377 703 444 velletaveheret.
728 381 794 446 Ita·
845 380 968 448 bestias
990 380 1032 446 ad
1063 398 1189 445 currum
1214 377 1378 445 iunxisset
1405 382 1439 445 et

204 505 268 570 que
283 489 439 553 Admetus
461 489 502 554 ab
523 490 671 572 Apolline
692 490 794 573 petiit
845 491 998 558 Alcestim
1027 490 1060 556 in
1088 489 1234 575 coniugio
1263 488 1437 556 avexisset

202 604 240 664 ut
255 617 291 665 se
306 599 481 666 adiuvaret.
523 601 638 683 Apollo
660 620 730 667 cum
753 603 794 668 ab
844 605 957 686 Itaque
974 604 1129 668 Admetus
1152 601 1192 667 ab
1208 601 1360 683 Apolline
1382 620 1439 684 pe·

203 729 241 776 eo
253 715 340 777 esset
351 711 527 778 liberaliter
540 717 707 793 tractatus,
722 731 793 779 cum
844 714 943 780 tiitut
954 733 990 780 se
1001 703 1176 779 adiuvaret.
1196 712 1313 794 Apollo
1329 719 1438 780 autem

173 817 236 887 bin
274 822 436 888 servitium
474 822 534 888 fnit
575 824 603 889 ei
644 824 793 906 traditus,
844 827 931 908 quod
953 825 994 892 ab
1017 844 1054 892 eo
1069 826 1101 890 iu
1117 824 1305 890 servitutem
1319 824 1438 891 libera-

204 952 317 1015 aprum
339 939 374 998 et
393 935 518 1001 leonem
535 935 564 1000 ei
586 935 711 1001 iunctos
729 941 793 1002 tra·
844 938 919 1003 liter
941 941 1029 1004 esset
1043 941 1193 1018 acceptus
1209 955 1324 1018 aprum
1340 943 1376 1003 et
1391 937 1438 1003 le-

203 1044 302 1125 didit,
338 1044 454 1127 quibus
483 1046 537 1112 ille
566 1046 719 1113 Alcestim
750 1045 792 1127 [in
845 1068 937 1115 onem
958 1049 988 1115 ei
1006 1049 1132 1114 iunctos
1149 1048 1296 1130 tradidit,
1318 1048 1437 1131 quibus

203 1155 395 1238 coniugium]
418 1156 533 1222 avexit.
844 1160 898 1227 ille
919 1159 1071 1226 Alcestim
1093 1159 1207 1226 avexit.

884 1272 928 1338 Et
941 1272 1021 1337 illud
1035 1270 1076 1337 ab
1087 1270 1236 1352 Apolline
1250 1270 1386 1353 accepit,
1401 1277 1438 1336 ut

151 1377 194 1442 10
842 1402 900 1467 pro
912 1402 947 1450 se
959 1366 1041 1449 alins
1055 1381 1234 1448 voluntarie
1248 1386 1437 1448 moreretur.

842 1515 900 1578 pro
923 1514 986 1578 quo
1009 1512 1079 1560 cum
1099 1512 1202 1576 neque
1216 1498 1311 1575 pater
1330 1513 1437 1577 neque

843 1611 946 1672 mater
966 1606 1047 1671 mori
1069 1604 1261 1686 volnissent,
1294 1625 1377 1672 uxor
1400 1626 1437 1675 se

842 1717 980 1784 Alcestis
997 1717 1112 1783 obtulit
1127 1722 1160 1783 et
1180 1736 1239 1798 pro
1261 1735 1299 1783 eo
1314 1718 1436 1785 vicaria

842 1833 945 1894 morte
963 1827 1092 1894 interiit.
1113 1845 1208 1909 qnam
1221 1832 1338 1910 postea
1352 1830 1436 1897 Her·

152 1936 193 2003 15
843 1941 930 2006 cules
953 1939 993 2005 ab
1014 1939 1126 2006 inieris
1147 1940 1318 2008 revocavit

202 2037 215 2082 1
235 2034 272 2080 bis
289 2033 345 2082 coni
362 2031 388 2083 Σ
401 2028 411 2099 ΙΙ
427 2033 453 2080 in
469 2035 547 2096 myth.
563 2035 619 2081 Vct.
637 2033 711 2082 etiam
727 2034 741 2080 I
757 2034 790 2081 46
1031 2057 1047 2063 -

199 2143 224 2189 p·
239 2133 279 2187 17,
294 2132 324 2178 21
344 2129 550 2190 Bodnffippolyfi
563 2129 662 2176 fabulae
675 2129 792 2175 adhaeret
843 2108 857 2154 2
877 2103 1202 2190 ‘couiupiam'dissuadente
1218 2106 1355 2154 Munokero
1379 2108 1436 2155 coni

842 2200 881 2246 Bu
898 2200 933 2246 ‘in
945 2198 1066 2259 coniugio'
1078 2200 1176 2247 videtur
1189 2194 1214 2250 ἐν
1229 2195 1347 2264 {crepidi
1358 2200 1436 2262 signi·

841 2294 915 2342 floare

199 2223 341 2285 Aesculapii
359 2222 472 2272 interitus
491 2230 515 2271 et
526 2225 651 2285 Apollinis
663 2225 729 2284 apud
741 2223 791 2271 Ad-

199 2322 291 2365 metum
309 2318 438 2367 servitium

710 2471 770 2536 LII
794 2470 918 2554 Aegina

284 2609 407 2691 Iupiter
427 2628 497 2675 cum
519 2609 673 2691 Aeginam
695 2607 796 2690 Asopi
816 2607 915 2673 filiam
936 2606 1033 2673 vellet
1055 2607 1261 2689 comprimere
1283 2610 1317 2673 et
1336 2609 1434 2675 luno-

201 2739 273 2786 nem
295 2725 461 2786 vereretur
483 2720 598 2785 detulit
619 2739 688 2787 eam
710 2720 743 2785 in
764 2719 903 2784 insulam
925 2721 1076 2784 Oenonen
1099 2724 1132 2784 et
1153 2718 1317 2801 gravidam
1347 2719 1435 2803 fecit,

201 2832 286 2897 unde
314 2838 409 2897 natus
440 2836 491 2896 cst
518 2833 652 2897 Aeacus.
703 2831 774 2896 Hoc
801 2831 881 2896 Iuno
910 2849 980 2896 eum
1006 2829 1161 2895 rescisset
1188 2834 1371 2913 serpentem
1398 2831 1432 2897 in

203 2960 319 3025 aquam
340 2942 429 3008 misit
449 2960 531 3023 qnae
552 2960 622 3007 earn
644 2941 823 3007 venenavit.
846 2960 885 3007 ex
907 2960 970 3023 qua
991 2941 1045 3024 qui
1066 2940 1192 3007 biberat
1210 2941 1353 3007 debitum
1375 2962 1433 3009 ua·

49 3110 52 3115 .
149 3049 293 3119 20turao
314 3052 469 3118 solvebat.
512 3052 603 3130 Quod
633 3070 703 3117 cnm
734 3052 861 3118 amIssis
891 3052 986 3118 sociis
1007 3053 1134 3119 Aeacos
1164 3072 1241 3135 prae
1267 3053 1434 3135 paucitate

200 3164 362 3230 hominum
384 3163 502 3229 morari
522 3181 586 3229 non
608 3167 735 3245 posset,
762 3161 911 3229 formicas
937 3163 1065 3228 intuens
1092 3163 1187 3247 petiit
1213 3163 1253 3229 ab
1275 3164 1366 3248 Iove,
1396 3170 1435 3232 ut

201 3275 264 3362 ltotl
287 3276 432 3342 homines
452 3275 486 3341 in
507 3274 668 3357 praesidio
690 3274 752 3341 sibi
775 3275 875 3341 daret.
903 3281 980 3341 tunc
1001 3275 1123 3357 Iupiter
1144 3274 1292 3341 formicas
1319 3275 1353 3342 in
1375 3277 1434 3344 ho·

199 3388 301 3453 mines
324 3386 567 3469 transfiguravit
588 3386 642 3468 qui
663 3386 877 3469 Myrmidones
906 3390 982 3452 sunt
1010 3386 1177 3469 appellati,
1205 3388 1290 3468 quod
1317 3406 1434 3470 graece

199 3499 349 3564 formicae
365 3516 541 3582 myrmeces
556 3498 720 3579 dicuntur;
742 3498 849 3564 insula
864 3504 971 3563 autem
987 3497 1129 3580 Aeginae
1144 3516 1259 3564 nomen
1275 3500 1434 3581 possedit
1450 3545 1453 3551 -

702 3694 779 3760 LIII
800 3693 927 3761 Asterie

149 3834 192 3902 25
286 3831 372 3897 Iovis
388 3849 459 3898 cum
473 3831 623 3898 Asterien
644 3830 791 3898 *litenis
812 3830 909 3898 filiam
925 3835 1056 3912 amaret,
1076 3829 1133 3898 illa
1151 3850 1222 3898 eum
1238 3835 1436 3918 contempsit

269 4126 315 4174 LII
332 4122 426 4185 aspira,
444 4124 604 4184 mimpdoucs
622 4122 679 4190 (sic)
702 4123 776 4171 index
830 4126 859 4172 17
886 4122 958 4172 delon
975 4124 996 4170 F
1014 4138 1125 4171 oenonan
1142 4124 1199 4172 Mic.
1217 4124 1233 4171 i.
1251 4139 1276 4172 m
1329 4127 1361 4175 22
1381 4124 1432 4194 {toti

201 4218 293 4269 cdd}
346 4222 377 4267 id
396 4217 526 4281 myrmices
544 4219 565 4264 F
583 4212 717 4282 μύρμηκες
734 4219 772 4266 Bu
791 4213 801 4283 ΙΙ
820 4219 884 4267 hanc
907 4219 1017 4267 fabulam
1039 4218 1164 4279 excepisse
1187 4218 1237 4266 fab.
1255 4219 1327 4267 mm
1348 4226 1435 4270 masat

202 4314 307 4363 Bursian
325 4316 341 4361 l.
355 4329 376 4361 c.
394 4328 419 4374 p.
433 4314 481 4362 777

270 4408 380 4456 Fabulae
393 4408 459 4455 LIII.
476 4406 530 4453 LV.
541 4406 600 4453 LVI
617 4406 720 4454 seclusit
735 4406 843 4455 Bursian
895 4409 927 4456 2⁶
947 4403 1016 4473 ΙθοείΙ
1031 4406 1125 4457 Tricam
1136 4410 1175 4458 Bu
1192 4410 1242 4458 imo
1256 4405 1321 4475 lPolil
1337 4408 1434 4458 Iliacis
