3082 4950
741 209 783 274 73

150 357 258 446 lqueml
287 363 373 443 quod
395 362 463 428 orbi
486 368 576 430 erant
598 362 707 429 liberis
735 381 794 444 pro
817 381 874 428 suo
898 363 1114 428 educaverunt
1137 378 1271 443 eumque
1292 358 1378 442 quod
1467 410 1468 415 ,

148 472 248 554 pedes
271 474 462 540 transiectos
486 475 619 541 haberet
639 473 796 557 Oedipum
817 474 1069 539 nominaverunt.

618 672 736 738 LXVII
758 670 901 753 Oedipus

234 807 409 889 Postquam
431 807 573 890 Oedipus
595 805 655 873 Lai
677 812 710 873 et
730 809 874 872 Iocastes
895 805 980 871 filius
1003 806 1045 872 ad
1066 806 1217 889 puberem
1239 807 1377 870 aetatem

149 917 310 999 pervenit,
337 917 531 984 fortissimus
561 924 689 1000 praeter
710 922 877 999 claleteros
909 922 992 998 erat,
1021 917 1112 999 eique
1140 936 1199 1000 per
1225 909 1381 990 invidiam

150 1028 301 1109 aequales
324 1029 523 1110 obiicIebant,
547 1049 618 1095 eum
641 1030 802 1096 subditum
825 1047 898 1095 esse
919 1028 1053 1112 Polybo,
1076 1048 1113 1094 eo
1135 1029 1220 1110 quod
1237 1027 1406 1110 Polybusb

149 1143 216 1205 tarn
238 1140 376 1206 clemens
400 1146 487 1208 esset
509 1147 541 1207 et
561 1141 615 1207 ille
630 1141 807 1224 impudens
829 1142 914 1223 quod
930 1140 1072 1222 Oedipus
1094 1139 1196 1205 sensit
1217 1158 1280 1205 non
1294 1138 1377 1205 falso

150 1250 210 1317 sibi
240 1250 342 1318 obiici.
370 1251 479 1334 itaque
500 1253 643 1335 Delphos
673 1258 723 1318 est
749 1251 910 1334 profectus
940 1251 1136 1318 sciscitatum
1159 1252 1200 1316 de
1222 1299 1321 1316 .....
1343 1250 1377 1314 11

149 1362 304 1444 prodigiis
327 1362 567 1444 ostendebatur,
588 1369 721 1429 mortem
745 1364 774 1430 ei
790 1365 906 1429 adesse
928 1364 969 1428 de
989 1362 1058 1428 nati
1078 1380 1183 1429 manu.
1203 1361 1288 1427 idem
1306 1379 1376 1425 curn
1441 1347 1444 1354 ’

149 1473 292 1556 Delphos
314 1475 389 1555 iret,
417 1475 540 1540 obviam
564 1475 593 1539 ei
615 1475 756 1557 Oedipus
779 1475 874 1539 venit.
907 1493 998 1557 quem
1022 1473 1177 1540 satellites
1200 1492 1269 1539 cum
1293 1471 1377 1538 uiam

149 1584 218 1666 regi
241 1584 310 1649 dari
326 1584 479 1665 iuberent,
502 1585 651 1668 neglexit.
672 1605 728 1651 rex
750 1605 849 1669 equos
871 1585 1002 1651 immisit
1025 1590 1057 1650 et
1079 1593 1149 1650 rota
1170 1585 1284 1666 pedem
1307 1583 1376 1649 eius
1387 1585 1428 1649 10

151 1695 326 1778 oppressit:
354 1696 497 1779 Oedipus
519 1697 620 1762 iratus
642 1696 762 1762 inscius
789 1702 914 1778 patrem
943 1715 1035 1761 suum
1063 1697 1104 1761 de
1125 1714 1219 1761 curru
1241 1694 1379 1760 detraxit

151 1813 185 1872 et
213 1806 336 1872 occidit.
380 1808 459 1873 Laio
489 1809 593 1873 occiso
616 1808 717 1874 Oreon
744 1809 906 1874 Menoecei
933 1807 1018 1874 filius
1047 1826 1180 1889 regnum
1203 1805 1379 1887 occupavit.

149 1918 281 1983 Interim
305 1919 426 2001 Sphinx
447 1920 609 2002 Typhonis
631 1920 665 1984 in
687 1920 851 1985 Boeotiam
874 1925 924 1984 est
944 1918 1056 1999 missa,
1078 1937 1160 2001 quae
1181 1936 1274 2000 agros
1296 1917 1379 1982 The·

150 2030 305 2094 banomm
327 2030 472 2096 vexabat.
495 2049 534 2097 ea
555 2030 622 2113 regi
638 2029 767 2096 Creonti
789 2031 984 2097 simultatem
1007 2029 1180 2110 constituit,
1201 2029 1230 2095 si
1252 2047 1379 2095 carmen

152 2142 237 2222 quod
259 2142 421 2222 posuisset
440 2141 556 2223 aliquis
579 2142 809 2224 interpretatus
832 2147 928 2222 esset,
951 2160 986 2207 se
1000 2142 1075 2207 inde
1097 2141 1198 2206 abire:
1222 2140 1250 2207 si
1272 2143 1378 2206 autem
1389 2140 1429 2205 15

152 2253 261 2318 datum
284 2271 410 2319 carmen
431 2272 495 2318 non
519 2252 684 2333 solvisset,
715 2273 785 2318 eum
815 2273 851 2319 se
872 2259 1130 2335 consumpturam
1156 2252 1246 2333 dixit,
1276 2270 1379 2334 neque

152 2363 245 2429 aliter
268 2365 307 2429 de
328 2363 444 2430 finibus
468 2382 677 2430 excessuram.
720 2366 787 2429 Rex
814 2383 849 2429 re
872 2364 982 2430 audita
1005 2383 1063 2446 per
1084 2364 1251 2436 Graeciam
1273 2362 1379 2442 edixit,

152 2474 205 2557 qui
220 2474 383 2557 Sphingae
398 2493 524 2540 carmen
540 2474 699 2557 solvisset,
722 2495 855 2559 regnum
871 2494 906 2540 se
928 2482 961 2540 et
975 2476 1123 2542 Iocasten
1142 2493 1282 2540 sororem
1303 2473 1331 2540 ei
1345 2475 1379 2538 in

152 2586 331 2668 coniugium
351 2587 499 2652 datumm
516 2587 669 2668 promisit.
692 2586 885 2668 cumplures
903 2585 1031 2669 ‘regni
1049 2584 1054 2671 l
1070 2584 1260 2667 cupidine'
1274 2586 1379 2650 venis·
1437 2619 1440 2625 ·

151 2700 223 2762 seni
246 2702 278 2763 et
300 2718 322 2760 a
343 2695 486 2781 Sphiape
510 2705 613 2762 esseut
640 2700 838 2781 coasrcmpti,
864 2696 1009 2780 Oedipus
1027 2696 1032 2784 l
1052 2697 1110 2762 Lai
1128 2697 1215 2763 filius
1238 2696 1325 2763 venit
1346 2698 1429 2763 etho

152 2826 280 2874 carmen
305 2817 352 2872 est
377 2810 620 2892 interpretatos.
655 2810 715 2872 illo
739 2831 773 2874 se
794 2808 1047 2895 praeicipitauit:
1078 2809 1219 2892 Oedipus
1248 2829 1378 2895 repausa

148 2927 323 3003 paternum
352 2927 382 2984 et
412 2919 560 2985 locustea
589 2928 723 2984 matrem
751 2919 755 3007 Ι
786 2919 906 2987 inscius
935 2921 1058 3004 accepit
1086 2940 1216 2987 uxorem
1245 2942 1286 2984 ex
1315 2941 1380 3004 quoa

150 3033 342 3114 procreabit
358 3031 513 3095 Eteoclea
535 3040 566 3096 et
591 3031 771 3117 Polplnicen
785 3033 977 3116 Antigonam
999 3037 1032 3099 et
1045 3034 1199 3099 Ismenen.
1233 3031 1378 3115 [Interim

155 3141 270 3206 Thebis
290 3144 449 3207 sterilitas
471 3142 603 3226 timpum
627 3151 658 3206 et
676 3146 819 3226 peccarim
838 3144 843 3230 Ι
862 3145 974 3210 incidit
995 3145 1035 3211 ob
1051 3144 1225 3228 Oedipodis
1248 3143 1380 3224 scelera,

153 3353 167 3398 1
188 3347 268 3417 {qumi
288 3350 408 3398 excidisse
425 3348 488 3397 coni.
507 3346 532 3398 Σ

221 3445 313 3492 sacia·
329 3444 448 3493 editiones
500 3443 665 3492 dobieiebaat
682 3442 707 3494 Σ
760 3445 853 3492 desset
869 3445 960 3504 atque?
1018 3447 1031 3492 7
1050 3441 1154 3494 aasz
1175 3440 1185 3510 ΙΙ
1204 3443 1325 3491 defectum
1342 3443 1378 3492 in-

151 3538 245 3587 dicavit
261 3539 347 3587 Mla'i.
359 3554 391 3586 m.
410 3553 439 3586 ac
450 3538 565 3586 videntur
582 3539 632 3587 iere
643 3539 690 3586 LII
707 3539 793 3587 literae
810 3540 903 3588 deesse.
938 3539 1052 3588 conicio:
1073 3536 1076 3606 l
1081 3538 1222 3600 parentebus
1239 3538 1295 3585 raia
1331 3538 1379 3586 Sub

150 3633 231 3680 eodem
248 3640 351 3694 tempore
367 3633 430 3680 Laio
448 3632 560 3680 Labdaci
572 3632 636 3700 filiai
690 3636 721 3682 12
740 3634 875 3695 menyeiF
898 3648 953 3682 corr
970 3634 1087 3682 Staveren
1141 3635 1172 3681 14
1190 3633 1291 3694 creanti]
1309 3634 1378 3681 Neue

152 3727 276 3775 Tamiani.
293 3729 312 3775 Ι.
331 3742 355 3788 p.
370 3728 419 3775 150
465 3729 497 3776 18
515 3728 635 3789 sphinges
647 3730 668 3775 T
679 3729 791 3790 sphingIs
803 3729 853 3776 hdie
870 3730 913 3777 sed
926 3728 1036 3790 Sphinga
1048 3727 1177 3789 Angustia.
1190 3726 1235 3774 Ol)
1247 3728 1333 3775 XVIII
1347 3732 1377 3778 13

152 3821 313 3882 sphingarum
331 3820 474 3880 sidonam.
492 3836 530 3882 ep.
543 3823 566 3868 V
585 3826 598 3871 'l
618 3838 656 3883 ap.
683 3825 752 3872 Neue
764 3824 911 3871 Formenll
929 3837 953 3883 p.
965 3824 1013 3873 333
1070 3826 1100 3871 19
1120 3821 1239 3870 datarum.
1265 3821 1381 3869 Ptemiasa'

152 3911 289 3981 cumSchll
307 3915 417 3975 cupidine
432 3915 501 3976 repat
517 3915 578 3964 Stat
598 3917 674 3965 Theb.
688 3919 712 3964 11
731 3921 779 3966 116
826 3919 859 3967 20
875 3915 1018 3965 1111011111
1065 3917 1378 3965 111111111111111111

151 4010 316 4069 fragmentum
332 4009 463 4057 Niebuhrii
520 4011 703 4060 baioarenses
724 4013 746 4059 fr
763 4013 828 4060 Nieh
853 4012 971 4059 iocastam
988 4011 1009 4057 T
1067 4013 1098 4060 23
1116 4022 1252 4059 nnuocnnu
1274 4011 1376 4059 erieb

152 4103 316 4151 etheoclenF
336 4100 347 4170 i
367 4103 498 4167 [ismenlnn
516 4105 544 4151 fr.
564 4104 628 4153 Nieb
646 4105 802 4154 1111111111Ὶ
856 4108 888 4154 24
906 4117 1377 4154 mc1n1nrnnn1ssrnnm1rnsnrensnr-

152 4194 212 4264 nuni
230 4199 260 4245 t'r.
272 4199 336 4247 Nieb
353 4197 451 4245 iuterim
462 4198 554 4246 Thebis
572 4199 689 4248 sterilitas
706 4201 804 4260 frugum
822 4204 846 4249 et
856 4200 959 4260 penuria
976 4199 1094 4247 inciditT
1111 4199 1225 4246 sterelitate
1238 4200 1378 4260 aperturis

145 4291 246 4352 spem
264 4291 323 4358 (11.
342 4289 377 4356 11)
395 4291 695 4354 pertemptatam
715 4291 725 4358 [ι
753 4296 847 4342 ee-a
865 4308 890 4354 p.
903 4297 935 4342 11
960 4293 1065 4341 ‘attam
1084 4281 1327 4354 ...praecipitavit
1345 4295 1376 4342 ab

152 4385 328 4446 interpolatore
345 4391 402 4435 sunt
419 4393 443 4436 et
459 4402 503 4448 per
521 4402 547 4436 se
564 4387 647 4448 inepta
