3082 4950
763 242 786 308 4

164 372 227 464 120
247 396 414 479 Iphigenia
435 399 570 466 Taurica
885 396 1069 487 Phaetlhlon
1090 398 1240 486 Hesiodlil

247 509 386 591 Chryses
803 509 863 575 155
885 511 970 576 Iovis
992 510 1048 576 filii
1171 558 1174 565 ·

246 621 357 687 Aletes
886 621 970 688 Solis
992 621 1049 688 filii

246 732 476 815 Neoptolemus
884 733 1027 816 Neptuni
1047 733 1105 799 filii

245 863 363 926 reges
386 846 634 913 Achivorum.
883 845 1019 910 Vulcani
1039 844 1097 910 filii

162 953 223 1018 125
245 955 392 1038 Odyssea
883 956 997 1022 Martis
1018 955 1074 1022 filii

244 1066 370 1149 Ulyssis
393 1068 513 1150 agnitio
800 1066 861 1131 160
883 1067 1032 1133 Mercurii
1052 1066 1110 1133 filii

244 1177 435 1261 Telegonus.
884 1178 1040 1261 Apollinis
1061 1177 1119 1243 filii

244 1307 428 1371 augures.
882 1279 1029 1356 Herculis
1050 1289 1108 1355 filii

243 1400 385 1470 Oeneus
544 1454 547 1459 .
882 1401 1061 1468 Amazones
1162 1420 1165 1426 ’

159 1514 221 1578 130
242 1511 381 1598 Icarlilus
402 1513 539 1595 Erigone
562 1517 594 1578 et
615 1513 703 1578 canis
882 1513 1029 1581 Athenae

241 1624 349 1707 Nysus
799 1623 861 1689 165
883 1625 1029 1708 Marsyas

240 1737 407 1818 Lycurgus
881 1735 1104 1803 Erichthonius

240 1847 399 1912 Hammon
880 1845 977 1912 Liber

241 1958 397 2040 Tyrrheni
881 1958 1033 2027 Danaus

158 2067 219 2133 135
241 2069 391 2135 Laocoon
879 2070 1055 2152 Amymone

241 2178 394 2263 Polyidus
797 2179 964 2247 11011155
986 2181 1090 2248 Danai
1119 2197 1201 2265 quae
1225 2199 1308 2264 quos
1333 2201 1389 2252 oc·

244 2291 399 2374 Merope
923 2289 1083 2379 ciderluntl

243 2402 410 2486 [Philyra
878 2401 1052 2488 Althlalea

242 2515 376 2582 Curetes
880 2515 1007 2580 Oeneus

156 2626 218 2692 140
239 2627 365 2710 Python
878 2626 932 2709 qui
964 2615 1006 2692 ad
1038 2645 1151 2710 aprum
1181 2625 1387 2708 calydonium

240 2737 368 2804 Sirenes
918 2737 1024 2803 ierunt

239 2847 389 2914 Pandora
877 2848 1041 2931 Meleager

238 2958 425 3024 Phoroneus
795 2959 856 3023 115
879 2957 997 3041 Agrius

238 3065 464 3136 Prometheus
876 3072 1006 3153 Lycaon

156 3179 217 3247 145
238 3181 340 3247 Niobe
362 3180 430 3247 sive
452 3181 488 3246 Io
878 3181 1012 3248 Callisto

237 3292 430 3375 Proserpina
876 3295 1019 3377 Europe

237 3421 348 3469 currus
371 3403 557 3487 Triptolemi
877 3405 1000 3470 Semele

236 3515 398 3581 Vulcanus
421 3515 596 3581 Harmonia
792 3516 855 3581 180
875 3517 1019 3582 Actaeon

236 3624 392 3708 Epaphus
822 3712 825 3718 Ι
875 3627 981 3694 Diana
1003 3632 1036 3692 et
1057 3644 1170 3693 canum
1192 3628 1323 3696 nomina

154 3734 216 3800 150
237 3735 476 3804 Titanomachia
875 3738 995 3804 Oceani
1015 3737 1101 3804 filiae

237 3866 275 3912 ex
294 3847 446 3930 Typhone
469 3853 501 3915 et
520 3848 665 3915 Echidna
685 3868 738 3931 ge·
875 3868 1027 3934 equorum
1050 3849 1133 3916 Solis
1162 3855 1196 3917 et
1216 3851 1381 3919 Horarum

279 3957 337 4024 niti
916 3961 1044 4028 nomina

32 4155 34 4160 .
236 4068 369 4151 Typhon
873 4072 1035 4138 Pentheus
1058 4076 1091 4138 et
1111 4073 1235 4158 Agaue]

236 4178 409 4246 Deucalion
432 4185 464 4248 et
485 4180 607 4263 Pyrrha

773 4278 776 4285 .
857 4239 905 4286 164
923 4241 980 4297 post
996 4237 1061 4285 hanc
1073 4237 1182 4284 fabulam
1200 4238 1226 4285 in
1242 4237 1298 4298 ipso
1312 4239 1379 4288 libro

192 4285 364 4294 —-·—-—--..

220 4327 366 4378 uas-1⁸4
383 4328 409 4375 in
427 4328 507 4377 sronte
526 4328 584 4377 libri
602 4328 736 4388 antiquitus
788 4336 930 4392 comparent
942 4331 1040 4392 spuriae
1053 4333 1101 4379 duo
1114 4331 1228 4393 Orpheus
1238 4336 1262 4380 51
1272 4332 1379 4394 Myrrha
1404 4325 1408 4335 ’

149 4420 245 4483 positae
261 4421 338 4473 151555
353 4428 532 4486 perspexerunt
547 4422 595 4472 viri
614 4423 679 4471 docti
787 4438 817 4472 ex
829 4425 960 4487 Fulgentio
971 4428 1106 4477 1155515155
1152 4429 1199 4478 160
1218 4427 1378 4478 emimonale
