3082 4950
746 219 789 285 95

153 371 333 463 ploraturus
351 374 480 440 adeum
494 374 589 441 misit
620 373 670 440 cui
687 377 931 456 persuaserunt,
961 377 998 437 ut
1013 373 1046 438 in
1062 372 1197 454 gratiam
1216 375 1336 440 rediret
1354 377 1387 440 et

153 485 196 550 ad
219 485 462 567 expugnandam
477 485 604 552 Troiam
625 485 742 552 auxilio
764 491 868 566 esset,
898 502 1031 566 eumque
1053 502 1161 550 secum
1179 485 1386 552 sustulerunt
1490 566 1492 571 Ι

142 684 154 725 r
578 652 695 749 som
716 682 913 748 Protesilaus

240 817 369 883 Achivis
392 817 453 883 luit
475 836 681 900 responsum,
712 819 765 900 qui
792 819 913 900 primus
941 819 1052 884 littora
1077 819 1283 883 Troianorum
1313 819 1386 884 atti-

152 929 257 1009 gisset
278 928 463 1011 periturum.
494 946 564 994 cum
588 929 698 994 Achivi
716 929 838 995 classes
858 928 1103 1011 applicuissent,
1132 929 1291 1008 claleteris
1311 947 1385 994 cun·
1407 971 1411 979 ·

153 1040 315 1107 stantibus
330 1040 439 1106 Iolaus
456 1039 570 1123 Iphicli
585 1045 617 1106 ct
634 1039 829 1107 Diomedeae
844 1039 929 1106 filius
945 1040 1066 1122 primus
1086 1059 1104 1105 e
1123 1040 1197 1106 navi
1213 1040 1415 1122 prosilivitzl‘)

152 1152 207 1233 qui
231 1152 271 1218 ab
291 1153 429 1218 Hectore
453 1150 620 1217 confestim
640 1157 690 1218 est
713 1151 910 1217 interfectus.
939 1170 1032 1233 quem
1054 1150 1159 1217 cuncti
1182 1150 1386 1233 appellarunt

152 1262 375 1342 Protesilaum,
398 1262 548 1345 quoniam
566 1262 688 1344 primus
711 1282 749 1329 en
771 1261 916 1328 omnibus
938 1261 1086 1343 perierat
1107 1299 1149 1309 —
1191 1263 1285 1341 Quod
1307 1282 1387 1329 uxor

151 1375 329 1440 Laodamia
343 1374 454 1440 Acasti
474 1372 541 1440 filia
563 1392 634 1439 cum
649 1374 796 1439 audisset
819 1373 1043 1455 comperisse,
1066 1372 1146 1440 flens
1168 1373 1250 1456 petit
1273 1392 1292 1439 a
1314 1374 1386 1454 diis,

151 1491 189 1552 ut
205 1486 265 1552 sibi
283 1503 353 1551 cum
372 1504 409 1551 eo
425 1489 492 1550 tres
509 1486 606 1551 horas
622 1484 758 1566 colloqui
773 1485 893 1550 liceret.
925 1504 988 1566 quo
1003 1485 1173 1567 impetrato
1191 1504 1210 1550 a
1226 1485 1384 1551 Mercurio

150 1598 327 1677 reductusl,
357 1600 423 1661 tres
442 1596 539 1661 horas
566 1613 636 1661 oum
668 1613 706 1661 eo
734 1594 926 1677 colloquuta]
948 1588 1008 1661 est.
1039 1596 1151 1678 quod*
1176 1596 1292 1663 iterum
1315 1615 1385 1663 cum
1397 1599 1436 1662 10

151 1708 275 1806 obisset
296 1707 493 1774 Protesilaus
517 1707 670 1786 [dolorem
691 1707 759 1788 pati
779 1726 843 1773 non
864 1707 970 1788 potuit
991 1707 1187 1788 Laodamia]

544 1878 576 1968 J
612 1903 715 1987 [omn
733 1904 920 1986 Laodamia]

237 2040 425 2121 [Laodamia
446 2039 557 2106 Acasti
582 2038 649 2106 filia
670 2041 789 2107 amisso
812 2042 956 2124 coniuge]
987 2059 1058 2108 cum
1087 2046 1155 2107 tres
1185 2042 1281 2108 horas
1310 2058 1382 2109 con·

151 2152 352 2234 sumpsisset,
374 2169 455 2242 quos
476 2151 573 2217 adiis
588 2152 736 2235 petierat,
757 2152 865 2221 fletum
888 2157 921 2218 et
936 2153 1077 2221 dolorem
1098 2153 1167 2235 pati
1191 2173 1254 2220 non
1269 2159 1327 2236 pot
1351 2155 1384 2221 't

151 2265 260 2346 itaque
278 2262 355 2329 fecit
371 2263 573 2329 simulacrum
594 2281 718 2329 cereum
741 2265 845 2330 simile
861 2265 1032 2331 Protesilai
1050 2264 1194 2346 coniugis
1216 2270 1250 2331 et
1266 2265 1298 2331 in
1314 2266 1384 2331 tha-

150 2376 244 2443 lamis
262 2375 370 2458 posuit
392 2374 452 2440 sub
472 2374 673 2441 simulatione
699 2393 862 2441 sacrorum
886 2380 1010 2442 etcum
1030 2376 1135 2442 colere
1156 2377 1269 2458 coepit.
1298 2378 1383 2459 quod
1394 2373 1434 2438 15

152 2505 223 2553 cnm
245 2485 384 2553 famulus
408 2485 564 2551 matutino
586 2490 730 2567 tempore
754 2505 849 2567 poma
875 2487 904 2553 ei
927 2487 1091 2554 attulisset
1117 2488 1160 2552 ad
1186 2487 1384 2569 sacrificium,

151 2617 211 2681 per
225 2598 337 2664 rimam
353 2597 479 2678 aspexit
494 2596 637 2678 viditque
655 2616 724 2663 eam
745 2596 815 2675 †ab
833 2597 980 2679 amplexu
996 2598 1166 2665 Protesilai
1180 2599 1383 2690 simulacrum

152 2713 317 2776 tenentem
353 2712 449 2789 atque
481 2708 694 2781 osculantem:
730 2707 916 2774 existimans
951 2728 1021 2776 eam
1036 2781 1038 2784 .
1052 2710 1233 2778 adulterum
1264 2710 1410 2776 habere·

154 2894 167 2939 1
186 2891 229 2950 qui
240 2895 413 2951 persuaserant
430 2887 548 2937 Heinsius
566 2889 657 2939 frustra

223 2989 237 3035 3
256 2985 340 3032 littora
357 2985 378 3031 F
396 2984 469 3032 litora
487 2983 573 3032 Comm
626 2988 641 3034 5
659 2983 856 3033 Autorueduaaei
909 2988 931 3036 7.
951 2989 965 3034 8
986 2985 1056 3042 Quod
1070 3021 1076 3034 .
1090 3021 1115 3034 ..
1135 2987 1272 3034 Laodamia
1290 2994 1333 3035 ant
1349 2988 1382 3036 ab

151 3079 200 3127 hoe
217 3079 297 3140 capite
322 3079 403 3128 aliena
426 3085 497 3140 sunt,
523 3085 566 3126 aut
587 3079 634 3127 hoc
656 3086 730 3141 caput
751 3095 806 3127 cum
829 3084 946 3141 sequente
969 3079 1104 3140 antiquitus
1126 3096 1203 3128 unum
1228 3087 1302 3142 caput
1325 3096 1382 3129 con·

151 3174 297 3224 stituerunt:

185 3267 258 3329 Quod
275 3281 337 3316 uxor
353 3267 490 3315 laodamia
506 3267 592 3316 Acasti
615 3268 668 3315 nlla
685 3282 740 3315 cum
825 3268 963 3316 Laodamia
983 3269 1069 3317 Acasti
1091 3269 1143 3317 filia
1165 3269 1256 3318 amisso
1278 3269 1381 3330 coniuge

150 3362 262 3411 audisset
284 3376 340 3410 eum
363 3361 458 3423 perissa
483 3361 544 3412 flens
569 3362 631 3422 petit
654 3376 669 3408 a
693 3361 740 3408 diis

150 3461 179 3504 ut
195 3455 245 3506 sibi
262 3471 318 3504 cum
336 3471 364 3504 eo
386 3461 436 3504 tres
460 3455 535 3504 horas
553 3455 661 3516 colloqui
683 3454 740 3503 lice·

150 3556 196 3599 ret.
220 3565 269 3610 qno
286 3549 415 3610 impetrato
440 3548 593 3598 altercatio
617 3548 740 3607 reductus,

150 3644 366 3694 sabomacum
384 3657 413 3692 eo
431 3643 553 3692 collocuta
570 3649 615 3692 est
633 3642 698 3702 quod
792 3656 847 3690 cnm
870 3648 919 3692 tres
943 3643 1018 3692 horas
1042 3643 1251 3706 consumpsisset,
1279 3659 1340 3705 quas
1365 3661 1381 3693 a

291 3788 294 3799 Ι
792 3736 840 3784 diis
857 3739 968 3798 petierat,

150 3830 313 3884 lanaeum
330 3831 424 3879 obisset
440 3830 599 3890 homedeus,
791 3831 875 3880 flatum
893 3836 918 3879 et

151 3926 262 3976 domrem
279 3926 331 3987 pati
349 3939 399 3974 non
416 3924 496 3986 potuit
791 3926 901 3975 dolorem
919 3925 972 3986 pati
989 3941 1039 3974 non
1055 3926 1142 3987 potuit.

149 4018 296 4069 Laodamia.

151 4111 289 4181 licetaram
307 4113 334 4160 oi
348 4113 494 4175 Cypriorum
513 4112 556 4159 lib.
576 4112 698 4160 v1111-
716 4113 829 4174 Euripid.
847 4114 878 4160 fr.
895 4128 920 4174 p.
933 4117 984 4162 443
1001 4091 1057 4162 ch

161 4258 163 4263 ,
221 4211 252 4259 u
275 4209 452 4257 simulachrum
469 4208 490 4253 p
512 4221 567 4254 corr
585 4206 670 4255 comm
691 4203 702 4272 ΙΙ
728 4209 864 4256 aaraumF
886 4223 941 4256 corr
959 4208 1008 4255 Sch
1029 4211 1085 4257 coll.
1104 4207 1177 4258 Ovid.
1197 4213 1298 4261 Heroid.
1317 4213 1380 4260 Xlll

152 4302 208 4353 Idi.
229 4305 277 4352 156
326 4306 356 4351 17
378 4300 417 4370 lati
429 4316 477 4362 per
494 4298 520 4350 Σ
532 4297 542 4367 ΙΙ
554 4297 641 4369 calado}
660 4303 790 4363 amplexui
802 4299 813 4368 l}
833 4303 1041 4350 simulachrumu
1058 4319 1113 4352 corr
1125 4304 1212 4353 Comrn
1259 4310 1290 4356 18
1308 4309 1380 4356 aesti-

149 4410 222 4444 mans
240 4397 261 4442 P
277 4397 417 4444 adamam
434 4394 459 4446 Σ
477 4395 509 4443 ab
525 4396 636 4458 auspican
651 4396 789 4444 maumam
807 4396 862 4444 coni
880 4393 905 4445 Σ
