3082 4950
678 215 716 285 17

531 459 698 545 ΙΟΧΧΧΙΧ
720 461 862 544 Curetes}

165 598 339 679 Postquam
362 596 440 678 Opis
463 597 570 661 lovem
598 616 635 662 ex
658 597 796 663 Saturno
818 598 961 679 peperit,
990 598 1072 680 petit
1093 599 1173 663 luno
1197 601 1233 662 ut
1254 597 1315 662 sibi

78 728 150 774 eum
172 709 368 788 concederet,
390 710 538 790 quoniam
555 709 710 774 Saturnus
730 711 846 774 Orcum
869 709 928 773 sub
950 712 1074 774 tartara
1097 709 1258 775 deiecerat
1282 712 1315 774 et

79 821 264 902 Neptunum
287 817 345 883 sub
368 820 480 899 undas,
503 822 587 901 quod
610 821 719 901 sciret,
751 819 778 885 si
800 819 870 900 quis
888 838 926 884 ex
948 839 985 884 eo
1001 825 1097 885 natus
1122 821 1315 904 {superesset

78 931 187 1014 fatuml
211 951 283 996 esse
299 919 350 1013 luit
373 949 407 994 se
428 949 527 1012 regno
542 932 692 1012 privaret.
722 930 776 1013 qui
791 949 862 995 cum
878 932 979 1013 Opem
994 937 1131 1014 rogaret,
1153 932 1207 998 ubi
1226 940 1315 999 esset

81 1044 165 1123 quod
189 1041 264 1122 [illa]
287 1041 480 1122 peperisset,
510 1042 566 1106 illa
588 1042 727 1124 lapidem
757 1043 955 1109 *involutum
979 1044 1134 1108 ostendit:
1163 1062 1232 1108 eum
1257 1043 1342 1109 Sat-5

80 1158 195 1217 turnus
219 1153 391 1218 devoravit.
419 1155 503 1235 quod
526 1172 595 1218 cum
624 1155 797 1234 sensisset,
826 1154 932 1235 coepit
953 1155 1060 1221 Iovem
1082 1173 1234 1236 quaerere
1257 1175 1315 1236 per

79 1267 202 1343 terrae,
232 1263 312 1328 Iuno
335 1269 442 1329 autem
457 1266 563 1330 Iovem
586 1266 618 1329 in
635 1265 801 1346 Creten[si]
825 1265 978 1352 insulalml
1001 1265 1124 1332 detulit.
1157 1271 1191 1331 at
1208 1266 1315 1331 Amal·

80 1374 156 1439 thea
171 1374 261 1455 pueri
284 1375 390 1439 nutrix
411 1395 482 1440 eum
504 1377 641 1442 incurris
663 1377 696 1442 iu
720 1376 832 1441 arbore
849 1377 1027 1458 suspendit,
1050 1383 1086 1442 ut
1107 1397 1211 1459 neque
1227 1378 1314 1443 coelo

80 1504 184 1566 neque
206 1491 292 1550 terra
314 1506 417 1568 neque
439 1488 519 1553 mari
549 1488 757 1553 inveniretur:
782 1493 823 1552 et
851 1507 891 1552 ne
917 1488 1008 1570 pueri
1034 1489 1162 1570 vagitus
1186 1489 1314 1554 exaudi·
1384 1476 1386 1481 ’

80 1601 184 1677 retur,
213 1598 393 1679 impuberes
417 1600 600 1665 convocavit
629 1599 738 1680 eisque
761 1599 895 1680 clipeola
917 1618 1017 1664 aenea
1039 1603 1072 1664 et
1092 1599 1203 1665 hastas
1227 1601 1315 1665 dedit
1325 1605 1364 1670 10

81 1715 115 1772 et
143 1708 239 1772 iussit
266 1728 321 1775 eos
350 1710 465 1774 circum
494 1711 638 1775 arborem
661 1714 772 1775 euntes
796 1728 932 1791 crepare.
962 1710 1017 1792 qui
1038 1710 1160 1776 Graece
1182 1712 1315 1778 Curetes

81 1824 157 1884 sunt
173 1819 342 1901 appellati;
366 1822 419 1887 alii
432 1821 627 1904 Corybantes
644 1821 800 1902 dicuntur,
822 1822 854 1887 hi
870 1827 976 1887 autem
987 1823 1087 1888 Lares
1103 1823 1314 1905 appellantur.

576 2020 664 2105 lCXL
686 2019 818 2104 Pythonl

167 2154 292 2236 Python
308 2155 426 2221 Terrae
448 2155 532 2221 filius
555 2157 651 2221 draco
666 2156 788 2238 ingens.
819 2156 870 2221 hic
893 2162 968 2221 ante
983 2155 1160 2238 Apollinem
1183 2175 1221 2220 ex
1244 2173 1314 2220 ora-

81 2246 152 2330 culo
175 2265 207 2330 in
223 2270 330 2331 monte
345 2267 506 2333 Parnasso
520 2285 677 2348 responsa
700 2269 777 2333 dare
793 2266 906 2332 solitus
922 2271 999 2332 erat.
1016 2266 1103 2332 'huic
1118 2286 1157 2331 ex
1171 2267 1315 2331 Latonae

80 2383 176 2460 partu
203 2377 351 2443 interitus
379 2385 449 2443 erat
477 2378 544 2443 fato
573 2379 708 2443 futurus.
742 2376 779 2443 eo
810 2384 953 2458 tempore
979 2377 1064 2442 Iovis
1093 2395 1163 2443 cum
1190 2378 1316 2442 Latona
1326 2379 1366 2444 15

81 2489 152 2554 Poli
166 2488 233 2556 filia
248 2489 424 2556 concubuit.
452 2490 512 2555 hoc
528 2509 598 2555 cum
610 2490 689 2556 luno
704 2489 821 2569 resciit,
841 2488 917 2554 facit
933 2492 968 2554 ut
982 2490 1107 2554 Latona
1121 2488 1166 2554 ibi
1180 2490 1316 2570 pareret,

84 2632 288 2640 m-

279 2702 346 2768 Περλ
364 2700 479 2768 Φιλύρας
940 2706 979 2753 De
996 2705 1099 2766 Philyra

118 2795 215 2864 Κρόνος
233 2797 279 2850 Δία
303 2798 419 2866 πανταχῆ
440 2798 522 2863 ζητῶν
548 2815 671 2864 μετεμορ-
759 2799 880 2847 Saturnus
892 2800 978 2847 Iovem
989 2800 1080 2859 ubique
1092 2799 1218 2858 inquirens
1231 2771 1315 2846 deniu-

81 2890 162 2960 φώθη
188 2891 225 2952 εἰς
247 2891 320 2944 ἵππον
347 2890 391 2943 καὶ
412 2889 523 2957 Φιλύραν
547 2888 673 2944 Ὠκεανοῦ
725 2899 791 2941 tatus
815 2899 853 2942 est
878 2896 902 2941 in
921 2909 1009 2954 equum
1034 2898 1058 2942 et
1075 2893 1203 2954 Philyram
1222 2891 1316 2939 Oceani

83 2985 212 3052 θυγατέρα
240 2984 328 3052 ἔγκυον
353 2984 483 3052 ἐποίησεν.
515 2985 560 3038 καλ
589 2984 674 3038 ἔτεκεν
725 2989 802 3036 filiam
814 2993 990 3049 praegnantem
1002 2989 1071 3048 fecit3
1090 2992 1114 3034 et
1126 2989 1197 3034 enixa
1209 2992 1246 3034 est
1259 2986 1316 3033 Chi·

82 3078 202 3145 Χεύρωνα
215 3076 258 3132 τὸν
270 3078 410 3144 Κένταυρον
429 3071 459 3138 ὃς
474 3081 573 3145 πρῶτος
592 3078 673 3144 ἰατρι-
725 3097 810 3130 renem
829 3081 990 3140 Centaurum,
1010 3081 1051 3141 qui
1069 3082 1162 3141 primus
1180 3082 1316 3128 medicinae

83 3174 135 3241 κῆς
152 3169 297 3239 ἐπιστήμης
316 3169 421 3238 εύρετής
440 3171 545 3239 ἐγένετο.
573 3169 673 3238 Φιλύρα
725 3176 785 3223 artis
804 3174 951 3222 adinventor
969 3177 1022 3222 fuit.
1049 3176 1152 3237 Philyra
1166 3180 1316 3222 autemcon-

83 3264 113 3320 δὲ
138 3265 304 3335 αἰσχυνομένη
324 3265 366 3320 διὰ
386 3264 432 3334 τήν
458 3262 605 3332 ἀθεώρητον
629 3267 672 3319 τοῦ
724 3270 779 3317 fusa
796 3275 897 3330 propter
914 3270 1022 3318 invisam
1035 3270 1078 3316 filii
1096 3270 1199 3330 figuram
1216 3271 1316 3317 deorum

81 3359 170 3413 τέκνου
197 3359 296 3426 μορφήν
315 3361 381 3414 λεών
406 3359 470 3414 ἐλέει
488 3360 524 3419 εἰς
541 3355 673 3426 ὁμώνυμον
724 3361 893 3411 misericordia
903 3363 929 3410 in
941 3364 1139 3425 cognominatam
1151 3363 1264 3411 arborem
1275 3365 1315 3411 de·

83 3455 184 3521 δένδρον
202 3448 312 3520 η’λλάγη.
724 3463 819 3506 mutata
837 3463 881 3506 est.

154 3547 292 3614 lCXXXIX
309 3548 420 3614 Curetes!
439 3551 488 3597 add
501 3550 550 3596 Mic
635 3546 693 3611 aspi
711 3546 767 3608 διὸς
784 3547 922 3615 ἐκτροφῆς.
944 3551 974 3597 de
990 3551 1054 3599 iouis
1072 3551 1165 3599 nutritu
1182 3551 1316 3600 Dositheus

83 3659 109 3706 p.
122 3647 153 3694 67
204 3648 216 3691 1
238 3644 287 3706 Ops
305 3645 381 3692 schol.
400 3643 460 3691 Stat.
479 3644 555 3691 Theb.
568 3645 606 3691 111
625 3647 673 3692 785
691 3659 715 3705 p.
731 3648 779 3694 158
805 3646 835 3693 cf.
853 3647 922 3693 Neue
940 3645 1063 3693 Formenl.
1082 3647 1094 3692 Ι
1111 3660 1135 3705 ρ.
1150 3647 1198 3694 135
1220 3642 1230 3712 ΙΙ
1245 3647 1318 3706 petiit

84 3739 191 3787 Bursian
241 3744 255 3789 3
273 3739 336 3788 eoF
354 3752 382 3785 ea
395 3737 443 3785 Sch
464 3735 474 3802 fl
495 3744 567 3786 natus
585 3744 650 3787 esset
667 3739 725 3787 sell
743 3745 814 3786 matos
831 3739 949 3786 adolescet
965 3740 1072 3787 Bursian
1089 3747 1160 3788 actas
1180 3732 1317 3803 [superesset

81 3830 219 3895 fatamssesse
237 3837 265 3880 ut
281 3833 337 3880 coni
355 3830 379 3880 Σ
432 3836 447 3879 4
467 3832 554 3892 Opimi
573 3832 620 3879 Or.
639 3833 698 3880 Met.
717 3834 742 3879 X
759 3835 808 3882 497
829 3830 839 3899 ΙΙ
856 3840 884 3880 ut
900 3834 921 3878 F
938 3833 980 3879 abi
995 3834 1073 3881 schol.
1091 3834 1151 3882 Stat.
1170 3836 1186 3881 l.
1200 3850 1220 3883 c.
1238 3835 1316 3896 myth.

84 3928 141 3974 Vat.
160 3928 184 3974 11
203 3929 233 3973 16
252 3942 276 3988 p.
292 3929 333 3984 79,
354 3929 384 3974 13
436 3928 451 3973 5
469 3927 535 3985 quod
552 3935 682 3988 pepererat
699 3929 776 3976 schol.
798 3927 808 3992 ΙΙ
829 3928 853 3974 cr'
872 3927 1002 3974 involutum
1020 3935 1082 3974 neate
1099 3929 1175 3976 schol.
1194 3929 1315 3990 mythogr.

86 4026 100 4071 'l
119 4023 224 4069 cretensi
240 4022 323 4070 iusula
338 4020 358 4065 F
376 4034 430 4066 corr
448 4021 487 4066 Bu
504 4022 572 4068 Naue
585 4021 707 4070 Formenl.
726 4024 738 4069 I
756 4038 779 4083 p.
794 4023 827 4069 48
849 4020 859 4087 ΙΙ
880 4022 1074 4069 adamantacaF
1091 4019 1222 4069 Amalthea
1238 4023 1316 4070 schol.

85 4112 122 4162 Ar
138 4113 269 4162 Amalthea
286 4114 392 4162 Bursian
424 4116 522 4162 Scueto
535 4115 600 4162 idem
635 4117 667 4165 10
686 4118 836 4178 clypeolaF
870 4119 899 4163 11
919 4110 1052 4178 Κούρητες
1068 4116 1174 4164 Bursian
1210 4116 1316 4164 ltalia

85 4208 143 4257 Sch.
162 4210 209 4257 hoc
227 4215 269 4257 aut
287 4209 369 4255 diruat
386 4209 428 4256 Mu
446 4209 507 4256 alibi
522 4209 628 4256 Bursian
650 4206 659 4274 ΙΙ
679 4210 718 4256 bio
735 4211 842 4258 Bursian
890 4214 941 4259 9-
954 4213 984 4257 12
1004 4211 1142 4269 audiretur,
1162 4209 1316 4270 Corybantes

84 4304 175 4365 posuit,
193 4303 235 4364 qui
253 4319 268 4350 a
287 4300 403 4370 lCraecisl
423 4304 523 4352 Curetes
542 4305 630 4351 Latine
647 4304 724 4352 Lares
742 4305 875 4352 familiares
893 4306 1049 4364 appellantur
1067 4305 1143 4354 schol.
1163 4305 1207 4350 l.o

155 4394 230 4462 [CXL
247 4394 352 4461 Python}
372 4398 422 4444 add
438 4398 553 4460 Micyllus
602 4400 632 4446 15
654 4398 700 4460 [eo]
720 4399 775 4446 coni
793 4395 846 4464 211
868 4396 924 4445 Coei
940 4403 1030 4446 temere
1047 4400 1085 4446 Bu
1134 4401 1164 4446 16
1176 4399 1239 4459 fecit
1255 4401 1316 4446 Bur·

138 4489 164 4528 11.
183 4489 281 4537 Schmidt,
294 4491 367 4538 Hygini
380 4491 463 4530 Fabulae
1094 4499 1112 4552 2
