3082 4950
728 232 790 298 126
889 242 892 247 '

141 401 306 449 numerum
328 382 462 463 relatus,
492 388 526 447 et
555 383 639 464 quod
662 402 697 450 se
723 385 755 449 in
778 403 906 466 capram
929 404 967 451 oo
996 389 1139 469 tempore
1161 391 1376 469 converterat,

141 493 215 559 inde
236 512 408 576 aegocerus
431 500 481 559 est
503 493 625 575 dictus,
646 514 739 577 quem
762 514 820 562 nos
844 497 1062 579 capricornum
1085 498 1230 566 dicimus.

614 691 755 757 CXCVII
778 692 888 759 Venus

225 826 262 891 In
274 826 470 907 Euphratem
483 826 599 892 flumen
616 828 656 893 de
671 827 760 893 coelo
775 847 868 893 ovum
886 829 967 895 mira
982 830 1201 912 magnitudine
1216 831 1376 898 cecidisse

142 936 256 1001 dicitur
283 941 403 1019 tquem
425 938 529 1019 pisces
557 939 598 1003 ad
620 938 722 1020 ripam
746 939 938 1006 evolverunt.
968 959 1064 1023 super
1090 943 1176 1023 quod
1204 942 1375 1008 columbae

111 1047 353 1114 5consederunt
375 1054 407 1113 et
428 1047 635 1114 excalfactum
663 1049 837 1116 exclusisse
857 1050 1029 1131 Venerem3
1059 1070 1141 1134 quae
1170 1059 1289 1135 postea
1314 1055 1375 1119 dea

141 1158 233 1240 Syria
261 1165 312 1224 est
339 1160 509 1242 appellata.
541 1166 573 1225 et
600 1160 724 1226 iustitia
752 1166 784 1227 et
812 1162 970 1243 probitate
998 1182 1068 1229 cum
1097 1167 1270 1244 c[a]eteros
1299 1183 1374 1230 exu-

140 1276 287 1350 perasset
317 1275 349 1335 et
378 1272 418 1336 ab
440 1271 516 1336 Iove
544 1271 672 1352 optione
699 1272 801 1337 data*
822 1273 927 1354 pisces
954 1274 986 1338 in
1016 1280 1176 1339 astrorum
1203 1294 1373 1341 nnmerum

140 1381 235 1446 relati
258 1387 341 1448 sunt.
364 1386 396 1446 et
418 1382 458 1447 ob
480 1382 513 1447 id
537 1382 607 1465 Syri
625 1382 729 1465 pisces
748 1402 810 1449 non
834 1385 932 1449 edunt
947 1391 980 1450 et
994 1385 1156 1451 columbas
1180 1404 1218 1451 ex
1237 1387 1373 1453 deorum

141 1512 271 1560 numero
292 1493 420 1559 habent.

611 1691 768 1759 CXCVIII
790 1693 888 1759 Nisus

88 1831 128 1895 10
222 1827 320 1893 Nisus
337 1827 451 1893 Martis
471 1827 556 1892 filius
578 1828 646 1894 sive
668 1835 704 1894 ut
726 1830 780 1895 alii
802 1828 1059 1895 dicuntDeioms
1081 1827 1166 1894 filius
1183 1848 1241 1894 rex
1258 1832 1372 1912 Mega·

137 1940 276 2005 rensium
298 1939 330 2003 in
356 1938 461 2021 capite
484 1940 601 2003 crinem
619 1959 812 2022 purpureum
830 1940 981 2006 habuisse
1004 1939 1126 2006 dicitur.
1149 1940 1200 2005 oui
1217 1942 1372 2027 respolnl·

139 2070 209 2117 sum
229 2049 291 2115 fuit
308 2054 373 2115 tam
391 2051 445 2115 diu
463 2068 535 2115 eum
549 2057 756 2131 regnaturum
774 2052 924 2134 quamdiu
941 2070 1011 2117 eum
1028 2051 1144 2117 crinem
1161 2052 1372 2119 custodisset

138 2181 230 2245 quem
252 2161 356 2227 Minos
378 2161 462 2226 Iovis
492 2160 576 2227 iilius
599 2169 818 2245 oppugnatum
848 2181 918 2229 cum
939 2163 1096 2242 venisset,
1125 2180 1145 2226 a
1167 2162 1277 2244 Scylla
1298 2164 1371 2230 Nisi

137 2274 203 2340 filia
223 2273 356 2340 Veneris
378 2273 516 2354 impulsu
540 2278 590 2338 est
612 2279 751 2354 amatus,
781 2293 873 2355 quem
903 2280 939 2338 nt
960 2274 1112 2339 victorem
1138 2272 1263 2339 faceret
1282 2276 1371 2356 patri

89 2388 129 2453 15
139 2385 305 2451 dormienti
326 2384 497 2449 fatalem
515 2384 662 2450 crinem
679 2385 844 2466 praecidit.
865 2384 974 2466 itaque
990 2384 1088 2450 Nisus
1104 2383 1207 2449 victus
1224 2402 1245 2449 a
1260 2385 1370 2452 Minoe

138 2504 196 2564 est.
227 2500 426 2564 comantem
447 2496 551 2562 Minos
575 2497 701 2562 Cretam
727 2496 861 2577 rediret,
892 2515 963 2561 eum
984 2515 1022 2561 ex
1046 2495 1110 2560 fide
1132 2496 1209 2560 data
1230 2498 1370 2579 rogavit,

138 2615 173 2676 ut
195 2627 303 2676 secum
326 2609 484 2674 aveheret.
535 2608 593 2673 Ille
620 2607 749 2689 negavit
771 2607 917 2673 Creten
947 2606 1182 2673 sanctissimam
1209 2611 1369 2674 tantum

138 2721 242 2787 scelus
260 2723 468 2802 recepturam.
489 2719 599 2784 illese
618 2719 649 2783 in
669 2737 757 2783 mare
771 2718 1002 2800 praecipitavit,
1024 2723 1095 2796 †ne
1110 2725 1370 2799 persequeretur.

137 2833 235 2897 NiSns
257 2834 362 2896 antem
384 2831 459 2894 dum
480 2828 578 2894 filiam
600 2829 810 2911 persequitur,
832 2830 865 2894 in
884 2847 974 2894 avem
997 2829 1238 2913 halitaleton
1260 2831 1296 2896 id
1319 2837 1371 2897 est

87 2948 128 3012 20
140 2943 277 3024 aquilam
292 2939 446 3005 marinam
462 2958 633 3005 conversus
650 2945 708 3022 est,
730 2940 836 3023 Scylla
852 2939 919 3006 filia
937 2941 971 3004 in
987 2939 1115 3022 piscem,
1138 2939 1251 3006 cirim
1273 2959 1370 3023 quem

141 3099 343 3108 -———--—-.

205 3182 320 3232 CXCVII
337 3180 366 3228 cf.
385 3181 519 3229 Dositheua
537 3197 561 3241 p.
576 3182 608 3228 70
632 3177 731 3248 Ἰχῆὑες
751 3217 756 3227 .
777 3217 782 3226 .
801 3175 866 3230 καλὰ
884 3166 916 3244 ἦν
972 3183 988 3228 4
1013 3180 1124 3240 quemF
1146 3179 1211 3238 qaod
1227 3180 1288 3229 Ilio.
1307 3182 1324 3229 i.
1343 3198 1369 3231 m

135 3283 200 3328 recte
217 3279 243 3325 ni
261 3278 333 3343 fallor
353 3272 363 3341 11
384 3274 504 3323 columbos
522 3273 663 3341 eoaaedtime
678 3275 775 3342 fierent
792 3282 813 3322 et
830 3274 1008 3337 ecooycotopn]
1026 3273 1091 3321 coni.
1114 3271 1139 3322 Σ
1157 3273 1205 3322 nlsi
1231 3274 1369 3324 columbam

135 3370 260 3434 praeferas
277 3373 334 3420 coll.
351 3370 451 3431 Nigidio
469 3384 508 3430 ap.
527 3370 604 3417 schol.
618 3369 757 3418 Germanic.
770 3372 839 3417 drot.
858 3384 882 3429 p.
895 3369 953 3428 402,
974 3370 1005 3416 14
1023 3372 1047 3416 et
1063 3368 1176 3428 Ampelio
1195 3371 1245 3416 cil
1265 3375 1292 3417 et
1310 3385 1370 3418 mox

136 3468 309 3524 malfootr'oae
325 3467 366 3514 vel
386 3464 581 3528 [ealcaqfaerqm]
635 3467 649 3512 6
668 3470 692 3511 et
708 3464 853 3526 iusticiaJF
876 3463 969 3511 toraca
986 3463 1073 3512 Comm
1092 3456 1134 3528 ΙεαΙ
1161 3468 1184 3509 et
1203 3460 1301 3511 decutio
1320 3464 1371 3513 sm

136 3577 165 3609 ea
182 3561 274 3608 e'aetr‘tio
290 3560 334 3607 Mu
386 3562 400 3607 I
422 3557 460 3625 [et]
485 3558 516 3605 ab
535 3558 583 3605 Sch
607 3558 628 3604 a·
648 3558 679 3604 ab
696 3558 753 3605 Idu:
779 3563 892 3605 neumum
916 3563 982 3606 recte
1001 3555 1012 3625 ss
1031 3559 1146 3605 lacunam
1170 3554 1294 3605 iudicavit
1311 3556 1371 3608 Σο

136 3654 237 3715 Nigidio
254 3655 290 3702 sic
307 3655 357 3701 fere
375 3653 535 3713 explendam:
555 3652 673 3712 ‘petiisset
689 3657 716 3700 nt
733 3652 826 3713 pisces,
846 3667 920 3712 quum
938 3668 1008 3702 suam
1026 3651 1145 3712 originem
1163 3658 1308 3700 servassent
1326 3654 1372 3702 im·

136 3748 234 3796 mortali
258 3747 365 3807 praemio
390 3746 559 3794 adficerentur’
618 3747 641 3793 8.
661 3747 675 3793 9
695 3750 753 3794 ‘non
771 3742 854 3794 edunt'
878 3747 904 3793 in
921 3748 942 3793 F
960 3753 1016 3808 post
1034 3744 1141 3794 ‘habent’
1166 3744 1250 3805 posita
1268 3748 1326 3794 troi.
1345 3746 1371 3798 Σ

137 3858 183 3904 ope
200 3840 293 3904 Nigidii
310 3855 333 3901 p.
346 3844 404 3902 403,
423 3844 439 3889 l.
453 3845 482 3901 2,
508 3842 551 3889 ubi
568 3842 634 3902 quod
652 3842 673 3888 B
691 3841 795 3902 porrigit
817 3841 917 3889 ‘dicunt’
942 3841 1028 3908 (edunt
1045 3839 1075 3905 Ρ)
1094 3841 1200 3889 fortusse
1216 3841 1374 3890 manducata

137 3937 295 3986 scribendum

206 4035 236 4081 10
249 4029 380 4078 Pandionia
392 4029 512 4079 Menrsius
524 4045 592 4090 regn.
605 4034 647 4077 att.
667 4045 691 4090 p.
706 4031 753 4077 152
798 4031 827 4074 11
846 4014 993 4091 res'ponsum
1004 4030 1025 4075 F
1037 4042 1092 4076 corr
1105 4026 1193 4075 Corum
1238 4029 1272 4076 15
1292 4028 1372 4079 Ovid.

136 4127 193 4174 hiet.
206 4127 267 4172 VIII
280 4127 312 4173 85
325 4121 335 4191 ΙΙ
348 4124 421 4170 secuit
438 4125 515 4172 schol.
528 4123 591 4171 Stat.
604 4124 680 4171 Theb.
693 4125 705 4170 1
724 4125 772 4172 332
791 4123 833 4182 qui
850 4124 911 4171 haee
928 4125 954 4171 ln
966 4123 1067 4171 brevius
1079 4121 1200 4169 contraxit
1244 4124 1279 4171 17
1294 4123 1373 4173 ovid.

136 4223 151 4268 l.
165 4237 185 4268 o.
206 4221 245 4266 99.
267 4221 315 4268 100
376 4220 406 4264 18
424 4233 454 4263 oe
473 4216 561 4282 {poteri
585 4217 666 4277 inepte
685 4217 732 4264 Sch
759 4224 785 4263 ot
805 4224 988 4276 persequeretur
1004 4217 1047 4263 Mu
1071 4217 1128 4263 coll.
1147 4214 1223 4263 Ovid.
1242 4217 1260 4264 l.
1275 4233 1298 4265 e.
1312 4222 1372 4267 141.

137 4319 193 4373 143,
212 4316 273 4361 forte
292 4310 331 4376 loti
355 4325 440 4359 pacem
457 4288 639 4372 persequeretur
691 4313 722 4359 19
741 4310 888 4358 halietonF
913 4326 968 4358 corr
985 4311 1028 4358 Mu
1045 4310 1179 4358 edereedere
1197 4309 1269 4357 Stav.
1291 4311 1371 4361 Ovid.

137 4409 185 4456 l.c.
201 4411 256 4457 146.
278 4409 323 4456 151
