3082 4950
741 214 786 278 VI

88 386 91 395 ⁴
150 371 402 447 repraesentant,
425 367 543 448 Micylli
558 367 686 449 inquam
710 369 848 434 codicem
865 367 1110 448 Frisingensem
1132 388 1150 432 e
1169 368 1250 433 libro
1272 368 1379 450 aliquo

150 477 356 556 repetendum
380 496 459 558 esse,
480 479 512 542 in
535 492 597 559 quo
612 479 783 561 bibliopegi
800 481 894 562 culpa
914 479 1032 544 factum
1056 485 1132 559 erat,
1155 487 1191 545 ut
1206 481 1285 546 haec
1306 480 1379 560 ipsa

150 586 227 652 folia
249 607 331 668 quae
352 588 478 654 fabulas
502 588 963 655 CXXXVIII—CLXXXIVA
986 591 1140 671 (excepit)
1173 591 1381 655 continebant

151 699 289 763 medium
311 699 395 764 inter
416 699 540 765 fabulas
564 701 738 766 CXXXVII
762 702 937 783 (possedit)
966 707 997 766 et
1019 702 1227 767 cmxxxlvfl
1251 701 1378 779 tfiliuml

150 809 253 874 locum
284 816 438 875 tenerent.
470 810 578 892 itaque
604 811 636 875 in
664 813 817 878 vocabulo
849 813 1013 895 ‘possedit’
1042 813 1135 878 unius
1164 813 1231 877 folii
1260 812 1381 895 pagina

151 937 265 1004 auersa
290 921 473 1002 finiebatur,
506 922 545 987 ab
574 941 611 987 eo
642 929 748 988 autem
779 924 864 1004 quod
893 928 942 989 est
972 923 1094 1006 ‘sitium’
1124 924 1286 1006 sequentis
1313 923 1380 988 lolii

150 1031 268 1112 pagina
286 1039 374 1096 recta
389 1033 569 1114 incipiebat,
591 1040 761 1115 antequam
781 1035 830 1098 vir
845 1035 956 1100 doctus
973 1034 1096 1115 aliquis
1118 1041 1155 1099 ut
1169 1035 1379 1099 membrorum

150 1161 209 1222 per
231 1161 266 1207 se
282 1142 529 1208 dissociabilium
551 1145 657 1226 aliqua
680 1146 882 1210 slmularetur
901 1145 1112 1224 cohaerentia,
1134 1165 1231 1210 unum
1253 1164 1380 1210 versum

151 1259 234 1316 ‘cum
252 1275 315 1337 qno
331 1303 336 1314 .
355 1299 362 1313 .
384 1303 389 1314 .
411 1258 591 1338 ocrupnait'
610 1257 760 1336 (XLVIII
774 1257 876 1321 liberis
892 1261 1104 1335 constantem)
1119 1257 1274 1322 insereret
1296 1276 1382 1321 eum-

151 1383 211 1446 que
233 1383 335 1430 novae
358 1367 494 1447 paginae
516 1367 651 1448 primum
674 1386 746 1433 esse
767 1367 897 1433 iuberet
942 1369 1031 1446 Quae
1046 1386 1116 1432 cum
1131 1367 1177 1432 ita
1200 1368 1273 1447 sint,
1296 1367 1380 1448 capi·

150 1474 236 1540 tibus
251 1476 709 1544 CXXXVIII-CLXXXIVA
732 1478 931 1545 exulantibus
946 1479 1080 1544 liberum
1103 1479 1163 1544 erit
1185 1478 1381 1561 postliminio

150 1588 254 1654 redire
270 1607 339 1652 eum
362 1589 394 1652 in
412 1589 524 1670 locum,
548 1609 640 1671 quem
658 1595 733 1655 ante
749 1591 892 1655 ordinem
911 1610 931 1656 s
947 1590 1125 1673 bibliopego
1144 1598 1294 1655 novatum
1312 1590 1381 1656 sive

151 1698 370 1780 epitomatoris
393 1700 523 1765 arbitrio
546 1701 614 1766 siue
643 1701 745 1783 ipsius
768 1703 908 1767 auctoris
932 1702 1060 1768 consilio
1083 1706 1271 1783 occupatum
1294 1707 1381 1766 tene·

151 1809 236 1874 bant.
257 1809 341 1875 hunc
363 1810 460 1892 igitur
473 1813 577 1877 locum
600 1820 637 1876 ut
650 1813 848 1893 indagemus,
872 1814 953 1878 dura
973 1813 1065 1878 nobis
1088 1812 1292 1894 suscipienda
1308 1832 1381 1893 pro-

151 1920 254 1985 vincia
269 1927 327 2002 est,
343 1928 379 1986 ut
395 1923 481 1987 nullo
496 1924 528 1988 ln
545 1923 730 2005 praesentia
745 1924 787 1988 ad
803 1923 926 2005 reliqua
937 1923 1056 2006 Hygini
1069 1929 1221 1989 tmemata
1233 1928 1380 2004 respectu

151 2031 260 2096 habito
283 2034 390 2115 capita
410 2033 466 2098 illa
488 2053 543 2100 sex
566 2042 599 2098 et
620 2035 832 2117 quadragInta
855 2034 987 2100 seorsim
1010 2052 1265 2117 percenseamus.

236 2144 307 2220 Qua
334 2145 365 2209 ih
394 2164 430 2210 re
458 2164 536 2227 prae
559 2145 673 2211 ceteris
700 2145 792 2211 nobis
822 2145 951 2228 negotia
978 2145 1110 2212 facessit
1138 2164 1177 2210 ea
1203 2144 1381 2211 fabularum

152 2255 252 2321 series
275 2275 356 2337 quae
379 2275 399 2320 a
421 2257 525 2337 capIte
546 2257 599 2324 CL
621 2275 722 2338 usque
753 2257 794 2321 ad
816 2257 947 2322 CLXIII
968 2257 1131 2339 pertinens
1160 2275 1229 2322 cum
1251 2256 1381 2338 reliquis

150 2365 296 2432 frustulis
318 2372 485 2449 tantopere
508 2368 684 2449 discrepat,
716 2374 752 2433 ut
774 2387 869 2450 aegre
890 2368 948 2432 tibi
969 2371 1167 2450 persuadeas
1190 2367 1219 2432 ei
1242 2368 1381 2434 auctoris

152 2478 316 2543 voluntate
338 2479 441 2545 locum
463 2479 547 2545 iuter
568 2479 624 2544 illa
646 2479 775 2544 concedi
798 2479 951 2562 potuisse.
978 2497 1051 2545 nam
1074 2498 1144 2545 cum
1166 2479 1271 2561 potior
1292 2478 1381 2543 fabu-

151 2589 255 2654 larum
283 2608 359 2671 pars
387 2591 419 2655 in
448 2598 600 2657 consueto
630 2591 782 2657 narrandi
810 2610 927 2673 genere
955 2592 1110 2673 persistat
1139 2591 1289 2656 tredecim
1318 2591 1383 2655 ista

153 2702 259 2783 capita
272 2702 313 2765 ad
329 2702 489 2767 exiliorem
506 2701 752 2783 genealogorum
767 2703 943 2768 orationem
955 2702 1137 2768 deflectunt.
1153 2706 1382 2767 verumtamen

152 2818 258 2877 utrum
280 2811 508 2893 interpolatore
531 2813 610 2876 duce
630 2813 690 2877 huc
712 2813 900 2894 irrepserint
922 2832 962 2878 an
979 2813 1160 2894 bibliopego
1183 2812 1313 2894 auspice
1328 2813 1383 2877 de·

155 2923 314 3003 venerint,
346 2941 537 3004 quamquam
565 2924 780 3004 quaerendum
808 2923 899 2988 nobis
920 2922 1105 3005 praevideo,
1132 2923 1307 2989 diiudicare
1328 2923 1386 2988 mi·

153 3036 237 3100 nime
265 3033 377 3099 ausim.
427 3034 597 3098 Praeterea
626 3033 805 3099 molestiam
836 3035 962 3100 exhibet
989 3033 1098 3099 fabula
1124 3034 1222 3100 CXLI
1249 3034 1383 3099 Sirenes

152 3145 307 3228 inscripta
328 3151 501 3227 propterea
515 3145 610 3226 quod,
633 3162 703 3210 cum
727 3145 804 3210 dicit
823 3145 950 3210 Sirenes
974 3145 1104 3211 Acheloi
1124 3145 1208 3211 filias
1230 3146 1383 3212 volaticas

154 3275 225 3322 esse
239 3256 351 3335 factas,
371 3256 404 3321 id
421 3256 498 3320 dicit
512 3254 630 3321 lactum
647 3274 719 3322 esse
734 3256 858 3322 Cereris
874 3257 1047 3338 voluntate,
1069 3259 1154 3339 quod
1172 3257 1383 3338 Proserpinae

154 3367 303 3432 auxilium
333 3387 395 3432 non
418 3366 575 3433 tulissent.
619 3367 704 3432 Fieri
733 3367 815 3432 enim
843 3386 906 3433 non
936 3374 1044 3451 potest
1071 3373 1110 3433 ut
1136 3369 1217 3434 haec
1244 3367 1383 3433 narratio

155 3484 275 3544 temere
298 3479 467 3545 divellatur
495 3478 535 3543 ab
564 3478 604 3543 ils
626 3478 798 3560 capitibus,
824 3479 856 3544 in
887 3479 1001 3561 quibus
1024 3484 1057 3544 et
1083 3481 1153 3561 ipse
1173 3478 1384 3561 Proserpinae

155 3596 267 3672 raptus
291 3590 446 3670 (CXLVI)
474 3596 507 3656 et
529 3590 654 3656 Cereris
676 3596 750 3671 post
773 3590 924 3655 amissam
945 3590 1043 3657 filiam
1065 3610 1189 3656 errores
1212 3590 1383 3672 (CXLVII)

155 3701 391 3767 commemorati
421 3706 520 3766 erant.
563 3701 624 3766 Hic
645 3701 803 3766 laboranti
831 3701 935 3767 ordini
964 3720 1056 3784 opem
1078 3702 1183 3767 laturo
1211 3702 1282 3767 viae
1310 3720 1384 3782 ape-

155 3813 280 3879 riuntur
301 3813 392 3878 duae.
421 3813 539 3894 poterit
562 3813 644 3879 enim
667 3819 722 3878 aut
744 3818 840 3894 ceput
855 3813 953 3878 CXLI
974 3821 1050 3895 post
1071 3811 1215 3878 CXLVII
1237 3811 1385 3877 collocari

104 3931 109 3942 '
156 3930 212 3989 aut
234 3924 369 3989 CXLVI.
392 3923 453 3989 Vll
476 3923 580 3990 medio
603 3924 687 3989 inter
708 3923 790 3990 CXL
812 3928 846 3988 et
863 3925 961 3990 CXLI
983 3924 1052 3989 loco
1075 3923 1159 4006 poni.
1181 3942 1252 3989 nam
1276 3941 1385 4004 quam-

156 4054 251 4117 quam
284 4034 412 4100 minime
442 4035 657 4102 necessarium
689 4041 774 4114 erat,
808 4042 844 4100 ut
873 4035 987 4117 capitis
1018 4035 1116 4101 CXLI
1146 4039 1257 4099 auctor
1287 4033 1384 4098 etiam

158 4152 285 4228 raptum
302 4145 513 4227 Proserpinae
532 4145 719 4228 Cererisque
741 4145 948 4228 migrationes
968 4152 1235 4226 commemoraret,
1256 4146 1315 4210 hoc
1336 4149 1385 4210 ta·

159 4277 230 4322 men
261 4257 453 4338 cogitatione
484 4258 645 4338 praesumi
676 4258 811 4339 poterit,
843 4258 1028 4339 scriptorem
1061 4256 1177 4322 mentis
1207 4262 1382 4338 compotem

160 4373 325 4452 utramque
339 4368 477 4434 fabulam
493 4375 715 4435 enarraturum
730 4369 852 4434 initium
870 4367 1021 4434 narrandi
1035 4385 1098 4435 non
1113 4365 1268 4434 iacturum
1286 4366 1385 4434 fuisse
