3082 4950
788 214 850 281 120

205 368 443 449 chrysomallus,
465 369 519 450 qui
534 368 667 435 Colchos
682 370 832 435 Phrixum
847 368 941 434 vexit.
964 368 1052 432 cuius
1068 365 1183 448 pellem
1198 365 1300 430 Aeeta
1312 363 1348 444 ,in
1363 362 1437 428 luco

207 479 320 544 Martis
343 479 454 571 habuit
474 480 627 561 positam3
650 499 745 563 quam
766 482 862 546 Iason
886 479 1025 546 sustulit.

629 676 865 744 CLXXXVIIII
885 675 1012 741 Procris

291 811 417 878 Procris
439 813 621 880 Pandionis
635 814 709 880 filia.
732 815 814 880 hanc
834 813 995 895 Cephalus
1014 810 1145 876 Deionis
1167 808 1251 874 filius
1273 808 1388 874 habuit
1406 807 1440 873 in

208 922 363 1007 coniugio.
395 925 448 1006 qui
471 944 541 991 cum
564 930 674 991 mutuo
696 945 803 992 amore
824 928 1031 1004 tenerentur,
1047 923 1129 989 alter
1150 922 1243 988 alteri
1263 921 1361 986 fidem
1383 921 1440 986 de·

177 1034 332 1117 5derunt,
353 1055 394 1101 ne
416 1037 487 1118 quuis
503 1055 573 1103 cum
589 1037 651 1103 alio
667 1038 897 1103 concumberet.
942 1034 1100 1117 Cephalus
1121 1038 1227 1099 autem
1242 1052 1313 1100 cum
1329 1032 1440 1098 studio

206 1147 344 1212 venandi
366 1151 528 1212 teneretur
550 1153 583 1213 et
604 1149 760 1214 matutino
782 1154 926 1230 tempore
947 1147 980 1212 in
1002 1150 1141 1212 montem
1164 1145 1291 1226 exisset,
1313 1146 1442 1210 Aurora

208 1256 353 1342 Titlhloni
376 1258 510 1323 coniunx
526 1277 597 1324 eum
618 1260 780 1325 adamavit
794 1260 938 1342 petitque
961 1258 1001 1323 ab
1023 1277 1061 1324 eo
1083 1257 1291 1323 concubitum.
1313 1255 1366 1322 cui
1381 1256 1442 1322 Ce

207 1367 323 1448 phalus
346 1370 490 1450 negavit,
520 1371 604 1451 quod
625 1370 734 1436 Procri
762 1371 856 1436 fidem
885 1370 1098 1450 [deldederam
1126 1372 1202 1433 tunc
1223 1370 1350 1433 Aurora
1379 1367 1441 1433 ait:

209 1478 292 1543 ‘nolo
314 1483 350 1543 ut
371 1478 465 1546 fallas
480 1479 585 1561 fidem,
607 1481 670 1546 nisi
691 1481 747 1547 illa
761 1482 849 1564 prior
863 1479 1029 1546 fefellerit’.
1051 1480 1159 1562 itaque
1175 1483 1349 1545 commutat
1366 1497 1443 1544 eum

159 1588 241 1656 rein
257 1590 399 1672 hospitis
427 1591 597 1673 figuram
626 1597 721 1673 atque
743 1593 799 1658 dat
820 1610 953 1658 munera
974 1576 1120 1672 speciosa
1145 1608 1227 1672 quae
1248 1590 1359 1656 Procri
1385 1592 1445 1657 de

180 1724 183 1729 ·
207 1699 313 1766 ferret.
336 1702 442 1784 quold]
462 1721 532 1767 cum
548 1702 708 1784 Cephalus
723 1703 865 1770 venisset
878 1704 1045 1768 immutata
1063 1701 1169 1784 specie
1183 1720 1315 1768 munera
1330 1701 1446 1768 Procri

209 1811 297 1876 dedit
318 1819 351 1877 et
373 1832 443 1878 cum
460 1833 498 1879 ea
514 1814 689 1879 concubuit.
712 1819 789 1880 tunc
807 1815 836 1880 ei
851 1817 975 1880 Aurora
991 1813 1128 1895 speciem
1142 1813 1279 1894 hospitis
1295 1813 1445 1880 abstulit

211 1940 293 2003 quae
316 1941 386 1989 cum
402 1925 576 2007 Cephalum
590 1925 734 2007 vidisset,
755 1927 855 1992 sensit
877 1944 913 1991 se
935 1924 980 1990 ab
990 1927 1115 1990 Aurora
1129 1925 1294 2006 deceptam
1316 1929 1352 1990 et
1365 1924 1447 1990 inde

210 2032 352 2113 profugit
372 2035 404 2100 in
421 2037 546 2102 Cretam
568 2036 715 2118 insulam,
736 2037 791 2102 ubi
808 2038 913 2102 Diana
928 2037 1113 2102 venabatur.
1136 2054 1230 2117 quam
1249 2053 1319 2099 cum
1335 2035 1448 2101 Diana

160 2144 201 2210 15
212 2146 431 2225 conspexisset
462 2147 506 2212 ait
535 2147 580 2212 ei:
611 2151 741 2213 ‘mecum
762 2147 901 2229 virgines
924 2151 1096 2227 venantur,
1125 2150 1162 2210 tu
1189 2146 1279 2228 virgo
1307 2166 1372 2213 non
1397 2165 1448 2229 es,

211 2257 352 2322 secede
375 2259 504 2323 dehoc
528 2258 697 2343 {coeltul
721 2260 770 2324 cui
785 2259 911 2324 Procris
932 2250 1053 2324 indicat
1068 2276 1163 2323 casus
1186 2275 1262 2322 suos
1285 2262 1379 2323 etse
1402 2258 1447 2324 ab

210 2367 334 2432 Aurora
356 2369 531 2451 deceptam.
573 2370 678 2436 Diana
699 2370 917 2441 misericordia
936 2374 1024 2436 tacta
1046 2371 1102 2436 dat
1124 2369 1153 2435 ei
1174 2369 1326 2449 iaculum,
1355 2371 1447 2452 quod

210 2497 301 2544 nemo
326 2481 446 2546 evitare
461 2489 573 2563 posset
595 2487 628 2546 et
650 2500 760 2547 canem
778 2483 964 2563 Laelapem,
987 2500 1079 2563 quern
1102 2481 1190 2546 nulla
1210 2481 1279 2545 fera
1300 2479 1449 2562 effugere

209 2595 321 2669 posset
339 2598 371 2656 et
387 2593 475 2659 iubet
492 2613 562 2659 eam
584 2595 630 2659 ire
646 2597 679 2658 et
694 2611 764 2658 eum
779 2593 919 2674 Cephalo
935 2594 1133 2659 contendere.
1156 2612 1195 2658 ea
1210 2592 1335 2673 capillis
1354 2593 1448 2657 dein·

158 2703 201 2766 20
210 2700 274 2781 ptis
303 2701 431 2768 iuvenih
457 2704 570 2771 habitu
591 2705 714 2770 Dianae
736 2705 900 2770 voluntate
930 2706 972 2770 ad
994 2705 1168 2786 Cephalum
1191 2703 1278 2769 venit
1305 2722 1448 2786 eumque

210 2812 410 2891 provocavit:
432 2833 525 2896 quem
539 2815 573 2879 in
587 2816 756 2882 venatione
773 2816 944 2898 superavit.
988 2815 1147 2898 Cephalus
1163 2820 1199 2880 ut
1220 2815 1300 2880 vidit
1314 2819 1446 2882 tantam

209 2923 386 3002 potentiam
408 2925 495 2989 canis
512 2930 608 3007 atque
628 2927 725 2992 iaculi
747 2945 836 3006 esse,
857 2927 939 3005 petit
957 2927 997 2992 ab
1011 2927 1148 3008 hospite,
1170 2946 1232 2992 non
1255 2927 1446 2994 existimans
1519 2967 1521 2972 ·

178 3100 180 3105 .
211 3032 373 3115 coniugem
396 3053 487 3101 suam
502 3055 583 3117 esse,
605 3042 641 3102 ut
656 3037 717 3102 sibi
730 3037 868 3102 iaculum
884 3042 917 3102 et
936 3056 1046 3103 canem
1061 3039 1227 3119 venderet3
1248 3037 1306 3103 illa
1319 3057 1447 3121 negare

212 3144 329 3225 coepit:
359 3147 449 3227 regni
472 3166 597 3229 quoque
618 3152 743 3230 partem
769 3148 952 3229 pollicetur,
981 3148 1037 3213 illa
1063 3154 1162 3230 negat
1183 3150 1250 3214 ‘sed
1271 3150 1300 3214 si
1321 3151 1448 3233 utique,

159 3255 269 3335 25ait,
292 3262 419 3338 perstas
439 3258 472 3323 id
494 3259 675 3341 possidere,
697 3260 740 3325 da
761 3259 838 3325 mihi
859 3260 893 3324 id
915 3260 1000 3340 quod
1022 3261 1114 3341 pueri
1135 3261 1240 3325 solent
1262 3259 1359 3327 dare'.
1390 3261 1448 3328 ille

211 3388 318 3435 amore
339 3369 434 3435 iaculi
457 3375 490 3435 et
517 3368 604 3436 canis
633 3370 783 3436 incensus
805 3371 951 3453 promisit
979 3389 1015 3436 se
1036 3373 1193 3438 daturum.
1223 3373 1278 3454 qui
1306 3374 1446 3447 cumin

209 3480 368 3547 thalamos
391 3483 563 3563 venissent,
585 3482 710 3547 Procris
732 3483 872 3548 tunicam
894 3482 1013 3548 levavit
1034 3487 1066 3548 et
1085 3483 1227 3548 ostendit
1250 3501 1286 3549 se
1306 3482 1446 3565 llolemi-

210 3609 283 3656 nam
305 3610 377 3657 esse
393 3598 426 3657 et
441 3594 607 3675 coniugem
622 3593 722 3674 illius;
745 3612 815 3660 cum
837 3612 901 3676 qua
916 3593 1076 3676 Cephalus
1094 3594 1276 3660 muneribus
1299 3597 1446 3679 acceptis

211 3828 224 3873 1
242 3825 364 3886 phryxum
381 3825 402 3871 F
420 3839 475 3872 corr
493 3825 554 3873 Stav
573 3823 583 3893 ΙΙ
606 3832 661 3874 aeta
678 3829 699 3874 Il
717 3842 772 3876 corr
790 3826 876 3874 comm

277 3919 407 3968 3Procra's
428 3916 566 3985 {Erechtdeil
585 3921 717 3969 Pandionia
736 3920 740 3986 Ι
741 3917 799 3985 filii!
818 3921 878 3982 fitia
895 3922 933 3969 Bu
953 3917 963 3985 ΙΙ
988 3921 1091 3968 Deioaea'
1111 3921 1168 3968 coni
1187 3920 1236 3968 Seh
1295 3925 1310 3971 't
1328 3922 1405 3972 titoni
1423 3928 1446 3974 1³·

209 4027 263 4060 corr
282 4012 368 4060 Oomm
420 4013 581 4062 8Procrddit
600 4012 611 4082 fl
631 4016 801 4064 dedederatF
827 4029 881 4062 corr
900 4014 986 4062 Oomm
1046 4016 1077 4064 10
1095 4015 1226 4064 Promedir
1284 4019 1313 4064 11
1333 4021 1406 4079 quod
1423 4023 1446 4068 F

207 4123 254 4167 qao
272 4107 358 4155 Comm
377 4104 388 4174 1}
408 4107 536 4156 bomaio
579 4112 609 4157 ta
629 4111 731 4171 spetiem
748 4110 770 4156 F
788 4122 843 4156 corr
860 4109 953 4157 Comm‘
991 4111 1020 4159 16
1039 4111 1159 4158 recedeF
1177 4109 1251 4158 ovid.
1270 4111 1328 4160 Met.
1345 4113 1375 4160 11
1393 4116 1445 4164 tos

209 4201 329 4262 Cynthia:
347 4185 425 4262 despue
443 4217 488 4250 suo
505 4203 577 4251 iussit
594 4205 750 4252 secedere
768 4200 868 4269 coetu’ss
889 4210 915 4251 tu
932 4205 953 4251 F
971 4211 1037 4252 cocta
1054 4219 1109 4252 corr
1126 4204 1182 4252 Mic.
1201 4204 1217 4250 i.
1237 4219 1262 4252 m
1306 4210 1347 4255 lo.
1371 4212 1404 4259 17
1423 4217 1447 4259 ot

209 4308 233 4340 ae
250 4294 280 4341 ab
297 4293 399 4342 Aurora
416 4297 537 4358 deceptam
555 4302 669 4359 suspecta
687 4301 745 4344 sunt
762 4294 786 4347 Σ
840 4299 871 4346 19
890 4299 1055 4350 coneedorsll
1072 4313 1127 4346 corr
1143 4299 1200 4346 Mic.
1212 4299 1228 4346 i.
1241 4315 1267 4347 m
1315 4304 1348 4350 22
1369 4305 1446 4353 aesti-

208 4402 279 4438 mans
297 4390 317 4440 F
336 4404 390 4441 corr
407 4388 433 4440 Σ
