3082 4950
799 237 914 325 84η

203 387 331 455 formae?
347 386 533 472 dignitatem
555 391 694 458 Nemeae
715 393 801 458 ludis
824 393 940 475 rapuit.
972 413 1065 477 quem
1088 396 1127 461 ab
1150 415 1188 462 eo
1210 397 1332 480 Pelops
1355 397 1440 465 bello

203 503 411 584 recuperavit.
453 503 545 568 Hunc
561 505 679 569 Atreus
695 509 728 568 et
743 504 899 586 Thyestes
915 506 1027 572 matris
1044 507 1279 589 Hippodamiae
1295 508 1442 591 impulsu

117 666 120 671 .
204 612 436 680 interiecerunt.
467 614 583 697 Pelops
600 633 671 680 cum
682 615 929 702 Hippodamiam
947 624 1104 700 argueret
1125 619 1198 702 ipsa
1214 638 1250 685 se
1266 619 1440 689 interiecit

602 854 626 907 v,
638 813 799 878 LXXXVI
822 812 995 896 Pelopidae

286 946 441 1029 Thyestes
456 946 585 1030 Pelopis
608 955 641 1014 et
654 949 889 1033 Hippodamiae
903 948 988 1016 filius
1003 951 1088 1033 quod
1107 969 1178 1016 cum
1196 952 1330 1034 Aeropa
1344 953 1438 1019 Atrei

172 1057 298 1123 buxore
321 1060 488 1126 concubuit
509 1079 529 1124 a
549 1059 649 1126 fratre
670 1032 768 1125 Atreo
792 1062 832 1126 de
853 1074 952 1144 regno
981 1066 1031 1127 est
1053 1063 1181 1128 eiectos.
1225 1065 1268 1128 At
1285 1064 1320 1129 'is
1342 1065 1438 1130 Atrei

190 1169 298 1234 'fiHum
313 1170 517 1252 Plisthenem,
539 1191 631 1253 quem
653 1191 712 1253 pro
729 1191 787 1238 suo
809 1173 1010 1254 educaverat
1032 1174 1073 1238 ad
1088 1177 1220 1240 Atreum
1238 1173 1435 1242 interficien-

200 1282 275 1346 dum
290 1281 388 1347 misit:
412 1302 505 1364 quem
521 1284 638 1357 Atreus
653 1284 787 1350 eredens
802 1284 910 1350 fratris
924 1283 1025 1349 filium
1043 1303 1115 1350 esse
1128 1285 1315 1368 imprudens
1330 1285 1433 1353 filium

200 1410 293 1461 suum
316 1394 439 1460 occidit.

620 1592 810 1672 [LXXXVII
833 1593 1007 1676 Aegisthus

285 1728 416 1811 Thyesti
438 1728 567 1811 Pelopis
591 1732 623 1794 et
636 1729 871 1812 Hippodamiae
891 1730 956 1796 fibo
972 1747 1162 1811 responsum
1178 1730 1254 1811 fuit,
1276 1749 1374 1813 quem
1397 1752 1437 1800 ex

150 1837 264 1905 lOfilia
288 1858 347 1906 sua
370 1840 501 1922 Pelopia
525 1847 728 1922 procreasset
751 1862 823 1907 eum
851 1841 959 1908 fratris
982 1840 1050 1907 lore
1076 1841 1221 1908 ultorem.
1251 1844 1436 1925 quodcum

199 1951 344 2017 audisset
367 1950 473 2033 *puer
496 1956 545 2017 est
566 1959 662 2018 natus
690 1971 782 2035 quem
808 1953 942 2036 Pelopia
967 1953 1122 2034 exposuit.
1153 1972 1247 2035 quem
1267 1955 1435 2023 inventum

197 2067 345 2146 pastores
365 2081 481 2146 caprae
505 2063 716 2129 subdiderunt
736 2065 779 2129 ad
796 2064 1006 2131 nutriendum.
1050 2064 1224 2148 Aegisthus
1248 2071 1299 2132 est
1323 2068 1435 2151 appel-

198 2175 284 2240 latus
305 2175 377 2240 ideo
399 2175 484 2257 quod
506 2193 620 2258 graece
641 2194 738 2258 capra
759 2182 871 2259 †aega
893 2177 1093 2259 appellatur]

645 2373 840 2440 LXXXVIII
860 2374 977 2440 Atreus

285 2513 402 2576 Atreus
419 2509 546 2593 Pelopis
568 2514 600 2576 et
617 2510 852 2593 Hippodamiae
873 2508 958 2576 filius
978 2510 1108 2594 cupiens
1130 2510 1309 2592 aThmste
1331 2511 1434 2578 fratre

150 2619 191 2684 15
201 2641 259 2688 suo
281 2622 414 2689 iniurias
440 2621 552 2704 exequi
577 2621 610 2686 in
633 2621 770 2704 gratiam
793 2640 863 2687 oum
887 2640 923 2687 eo
947 2622 1042 2687 rediit
1067 2627 1100 2687 et
1120 2620 1155 2687 iu
1177 2640 1312 2704 regnum
1339 2641 1433 2690 suum

201 2753 272 2800 eum
293 2733 434 2814 reduxit,
454 2733 600 2815 filiosque
616 2733 684 2799 eius
701 2733 840 2799 infantes
858 2733 1027 2799 Tantalum
1050 2738 1082 2800 et
1097 2733 1292 2811 PHstbenem
1316 2735 1434 2800 occidit

201 2851 233 2911 et
251 2845 297 2930 lini
315 2844 417 2927 epulis
433 2845 566 2926 Thyesti
581 2845 740 2926 opposuit.
763 2844 901 2926 quicum
917 2849 1108 2927 vesceretur,
1130 2847 1246 2911 Atreus
1260 2845 1434 2928 imperavit

199 2956 329 3023 brachia
360 2960 393 3020 et
418 2973 474 3020 ora
500 2974 671 3036 puerorum
700 2954 813 3019 afferri.
848 2955 888 3020 ob
910 2956 944 3020 id
966 2957 1071 3022 scelus
1100 2954 1196 3021 etiam
1221 2955 1275 3021 Sol
1303 2975 1433 3024 currum

200 3066 326 3135 avertit.
369 3066 525 3147 Thyestes
551 3066 670 3133 scelere
694 3064 814 3131 nefario
839 3067 966 3149 cognito
989 3067 1131 3150 profugit
1153 3068 1195 3133 ad
1218 3086 1328 3151 regem
1349 3069 1433 3137 The-

148 3175 191 3240 20
200 3184 359 3263 spretum,
387 3176 442 3243 ubi
460 3176 550 3243 lacus
567 3178 712 3243 Avernus
735 3177 852 3243 dicitur
875 3196 961 3245 esse:
990 3178 1066 3245 inde
1082 3179 1249 3262 Sicyonem
1273 3181 1432 3264 pervenit

198 3391 229 3438 cl.
246 3389 371 3437 Plutarch.
389 3387 452 3433 Pur.
466 3385 539 3432 XXX
557 3386 605 3433 vol.
625 3385 687 3432 VIII
698 3388 746 3434 431
766 3387 835 3433 Hutt.
849 3383 858 3451 ΙΙ
870 3393 930 3433 notu
947 3383 1093 3452 mlaaimuml
1111 3387 1193 3448 possis
1212 3386 1268 3436 coll.
1288 3384 1383 3450 Πέλοψ
1401 3385 1431 3440 ἐκ

197 3481 319 3549 προτέρας
341 3476 460 3547 γυναικὸς
478 3476 541 3546 ἔχων
558 3480 639 3531 παῖδα
655 3473 803 3543 Χρύσιππον
827 3477 921 3545 ἔγημεν
939 3474 1119 3545 Ἱπποδάμειαν
1143 3481 1221 3530 schol.
1240 3482 1289 3528 AI)
1308 3483 1325 3529 1.
1340 3498 1361 3530 e.
1381 3483 1430 3531 utsi

198 3583 306 3641 praestet
321 3578 403 3638 filium
421 3573 457 3639 {ec
473 3571 601 3639 Astyoche}
620 3580 702 3622 uatum
754 3578 768 3623 2
787 3576 888 3624 thiestes
905 3576 926 3621 F
944 3589 999 3623 corr
1017 3574 1104 3623 comm

267 3674 283 3720 4
300 3673 402 3721 thiestes
418 3671 439 3718 T
457 3684 512 3718 corr
530 3669 623 3717 Oomm.
641 3695 674 3705 —
709 3669 775 3718 Hinc
792 3671 853 3719 fides
871 3671 966 3718 accedit
982 3669 1116 3718 Plutarcho
1133 3671 1149 3717 l.
1164 3684 1184 3717 a
1203 3666 1318 3736 Aoocbdrp
1337 3667 1364 3722 ἐν
1378 3668 1430 3723 Πε-

199 3764 312 3824 λοπίδαις
327 3765 494 3814 testimonium
512 3763 670 3812 denuncianti

266 3859 410 3908 LXXXVII
426 3858 553 3918 aegysthus
565 3858 638 3906 index
685 3861 700 3906 9
719 3858 834 3906 thiestiF
852 3874 908 3907 corr
920 3857 1007 3907 Comm
1019 3857 1029 3924 ΙΙ
1041 3859 1255 3921 hyppodamIeeF
1272 3872 1329 3906 corr
1341 3856 1430 3907 Oomm

200 3954 363 4006 11'1aouncm
380 3969 395 4001 a
412 3953 469 4000 Mic.
488 3953 621 4001 indicatam
639 3952 678 4001 bis
696 3955 795 4014 supplet
812 3954 889 4001 schol.
908 3952 968 4001 Stat.
987 3953 1063 4002 Tbeb.
1082 3954 1133 4001 1111
1150 3954 1199 4003 306
1217 3966 1241 4012 p.
1255 3955 1305 4001 134
1329 3952 1429 4002 unicum

190 4051 263 4113 filiae
287 4049 410 4111 amplectar
431 4029 533 4109 choesel,
557 4061 586 4093 cc
609 4062 658 4107 qua
681 4045 740 4113 (Σ),
766 4048 873 4096 eschol.
894 4047 954 4095 Stat.
973 4048 1050 4095 Theb.
1069 4049 1081 4094 I
1099 4048 1149 4095 694
1166 4062 1190 4108 p.
1204 4048 1236 4096 89
1255 4047 1430 4109 pamioserque

196 4145 317 4208 responsis
340 4143 503 4204 supplendam
526 4141 643 4190 censebat
665 4141 745 4189 Bunte
804 4145 835 4190 12
859 4141 1025 4200 nutriendum,
1053 4139 1128 4208 lunda}
1156 4133 1286 4200 Aeyaaus
1310 4144 1368 4192 ooni
1393 4138 1427 4199 Σ,

197 4241 246 4292 nisi
262 4241 325 4288 forte
342 4237 422 4285 mavis
441 4234 477 4303 lca
496 4236 577 4283 eadem
593 4233 627 4302 rel
646 4240 673 4283 ut
689 4241 727 4284 est
744 4236 769 4283 in
788 4237 864 4284 schol.
883 4235 944 4283 Stat.
963 4237 1041 4284 Theb.
1059 4237 1109 4283 1111
1127 4238 1176 4285 306
1194 4237 1283 4296 p.134

268 4337 299 4384 14
315 4333 404 4381 thieste
421 4332 442 4377 F
460 4345 515 4379 corr
532 4329 727 4379 commelinianae
744 4330 834 4391 ubique
888 4335 918 4380 16
936 4332 1058 4379 tantulum
1075 4331 1096 4376 P
1120 4344 1175 4377 corr
1192 4328 1280 4378 comm
1334 4334 1365 4381 1⁷
1385 4329 1426 4398 ΙὰιΙ

198 4427 248 4477 add
265 4428 304 4478 Bu
324 4424 336 4495 Ι]
354 4425 438 4475 thiesti
454 4424 476 4472 F
528 4427 560 4474 la
578 4423 679 4474 thiestes
695 4423 717 4470 F
