3082 4950
691 231 865 297 61,

95 383 214 449 stituta
234 401 306 449 cum
327 402 391 450 non
406 384 557 463 venisset,
576 383 634 449 illa
655 403 694 449 eo
716 384 769 450 die
790 384 907 450 dicihir
920 384 1032 450 novies
1054 385 1095 451 ad
1110 382 1203 450 littus
1219 403 1329 451 cucur·

94 496 179 562 risse
201 497 287 578 quod
309 514 407 561 exeo
430 492 522 560 ἐννέα
543 489 616 559 ὁδοὶ
637 495 760 560 Graece
781 495 970 576 appellatur.
1014 496 1136 579 Phyllis
1158 503 1264 563 autem
1287 497 1328 563 ob

96 607 291 673 desiderium
317 607 568 688 Demophoontis
599 606 746 688 spiritum
776 606 890 672 emisit
921 608 973 673 cui
1000 612 1152 690 parentes
1180 627 1252 674 cum
1279 627 1329 674 se·

94 718 286 800 pulclhlrum
304 717 555 799 constituissent
575 719 705 783 arbores
720 717 764 783 ihi
779 722 854 783 sunt
868 724 973 798 natae,
988 737 1070 800 quae
1084 725 1171 784 certo
1186 725 1330 803 tempore

94 828 252 910 Phyllidis
273 834 408 893 mortem
428 828 554 911 lugent,
582 848 645 912 qno
666 829 744 895 folio
765 835 916 894 arescunt
937 835 971 895 et
992 829 1149 896 diffluunt
1178 832 1269 898 cuius
1290 837 1359 902 cxl)

95 939 224 1005 nominc
244 938 322 1005 folia
343 957 459 1023 mccc
480 936 587 1027 φύλλα
609 946 685 1006 sunt
706 941 879 1023 appellata

460 1138 518 1203 LX
539 1138 696 1221 Sisyphus
718 1144 752 1204 et
772 1138 961 1204 Salmoneus

181 1273 339 1357 Sisyphus
360 1279 394 1340 ct
408 1272 599 1341 Salmoneus
614 1275 705 1340 Aeoli
725 1274 782 1340 filii
803 1275 888 1341 inter
908 1294 946 1341 se
959 1274 1086 1341 inimice
1099 1273 1198 1340 fuere.
1242 1275 1330 1357 Sisy-

95 1386 181 1468 phus
206 1386 300 1468 petiit
328 1385 369 1451 ab
398 1387 545 1468 Apolline
570 1387 729 1468 quomodo
758 1393 873 1469 posset
899 1385 1078 1453 interficere
1106 1388 1266 1453 inimicum
1294 1387 1329 1452 id

96 1501 148 1563 est
167 1496 309 1562 hatten.
331 1497 383 1562 cni
403 1515 594 1580 responsum
614 1497 684 1578 fuit,
706 1497 734 1563 si
756 1517 796 1563 ex
817 1515 1004 1579 compressu
1017 1499 1152 1581 lyronis
1167 1498 1329 1565 Salmonei

94 1607 205 1674 hstiis
224 1606 312 1674 filiae
333 1614 536 1690 procreasset
556 1608 691 1688 liberos,
718 1608 788 1674 lore
809 1609 940 1675 ultores
970 1610 1056 1691 quod
1078 1628 1150 1676 cum
1172 1610 1328 1693 Sisyphus
1339 1617 1380 1681 10

95 1718 240 1799 fecisset,
270 1719 334 1784 duo
356 1725 433 1784 sunt
452 1718 510 1784 filii
531 1720 615 1800 nati,
640 1739 721 1801 quos
743 1722 827 1804 Tyro
848 1726 952 1787 mater
979 1740 1088 1786 eorum
1111 1728 1197 1787 sorte
1218 1722 1330 1788 ondita

95 1830 231 1897 necavit
262 1836 297 1896 at
318 1830 475 1913 Sisyphus
504 1836 540 1896 ut
560 1832 670 1898 resciit
696 1830 802 1914 **qni
823 1850 907 1898 nunc
929 1832 1045 1897 dicitur
1066 1851 1177 1898 saxum
1198 1839 1331 1916 propter

95 1943 292 2026 impietatem
315 1943 471 2009 adversm
493 1950 633 2009 montem
661 1944 704 2009 sd
724 1943 845 2010 inferos
873 1943 1049 2010 cervicibus
1070 1944 1213 2010 volvere:
1243 1946 1331 2027 quod

96 2073 168 2121 cnm
197 2055 240 2120 ad
261 2073 419 2121 summum
447 2054 597 2122 verticem
627 2055 830 2138 perduxerit,
858 2075 985 2122 rursum
1012 2056 1163 2122 deorsum
1190 2063 1267 2137 post
1293 2074 1330 2122 se

96 2166 290 2234 revolvatur.
1339 2183 1381 2248 15

571 2364 645 2429 LXI
666 2363 854 2430 Salmoneus

183 2500 373 2566 Salmoneus
395 2499 486 2566 Aeoli
506 2498 592 2566 lilius
614 2500 744 2583 Sisyphi
763 2500 865 2566 frater
887 2518 957 2566 cnm
979 2499 1120 2565 tonitrua
1141 2503 1175 2564 et
1194 2499 1329 2566 fulmina

95 2612 277 2678 imitaretur
307 2612 410 2692 lovis,
442 2612 561 2678 sedens
594 2611 783 2694 quadrigam
811 2610 899 2678 faces
929 2612 1081 2677 ardentes
1112 2611 1146 2677 in
1175 2611 1329 2693 populum

95 2725 267 2809 ’ymitteret
288 2731 323 2790 et
343 2723 443 2804 cives3
465 2723 506 2789 oh
527 2723 562 2788 id
584 2741 604 2789 a
624 2723 701 2789 Iove
720 2721 853 2789 fulmine
874 2727 927 2790 est
945 2722 1039 2789 ictus.

552 2928 595 3004 j
612 2920 703 2987 LXII
724 2920 813 2986 Ixion

182 3057 272 3122 Ixion
294 3056 457 3140 †Lcontoi
477 3055 563 3124 filius
585 3063 720 3124 mustus
741 3063 793 3124 ost
813 3058 967 3122 Iunonem
988 3058 1205 3141 comprimere.
1248 3060 1328 3127 Iuno

95 3168 183 3235 Iovis
196 3169 288 3234 iussu
302 3167 418 3233 nubem
433 3169 613 3250 supposuit,
630 3188 727 3250 quam
741 3169 831 3234 Ixion
845 3169 978 3235 Iunonis
992 3168 1241 3251 simuloclhlrnm
1256 3175 1380 3240 esse20

95 3279 242 3346 credidit.
269 3298 309 3344 ex
328 3297 368 3344 ea
389 3279 457 3344 nati
484 3286 561 3346 sunt
581 3281 733 3346 centauri
761 3287 797 3346 at
818 3280 995 3346 Mercurius
1017 3280 1103 3346 Iovis
1133 3281 1225 3348 iussu
1246 3283 1329 3349 laio

95 3409 169 3457 nem
190 3391 234 3456 ad
254 3389 373 3457 inferos
394 3388 427 3455 in
449 3396 521 3456 rota
542 3392 731 3458 constrinxit
751 3411 833 3475 quae
854 3392 900 3458 ihi
921 3391 1027 3458 adhuc
1047 3392 1165 3458 dicitnr
1186 3395 1276 3461 verti

568 3589 832 3656 ·LXIIII)anae

181 3724 295 3790 Danae
321 3724 437 3792 Acrisii
463 3731 496 3792 et
522 3726 709 3810 Aganippes
734 3726 812 3793 filia
841 3726 915 3791 hnic
942 3725 1004 3790 fuit
1030 3725 1147 3807 latum,
1176 3733 1214 3794 ut
1242 3732 1328 3811 quod

95 3837 276 3920 peperisset
290 3839 449 3905 Acrisium
470 3837 672 3905 interficeret
693 3840 779 3921 quod
800 3839 916 3904 timens
932 3836 1075 3903 Acrisius
1097 3856 1169 3903 eam
1189 3840 1222 3905 in
1237 3860 1328 3907 mnro

94 3947 224 4031 lapideo
245 3949 435 4032 praeclusit:
462 3949 548 4016 lovis
569 3955 677 4016 autom
698 3950 732 4016 in
753 3949 887 4016 imbrem
909 3966 1041 4014 ameum
1063 3967 1236 4018 conversus
1257 3958 1379 4025 cumas

95 4130 810 4196 SexeeFoorrSchflenneadoslioorrAlenrsins
862 4130 1058 4192 SdeflmBn
1109 4134 1267 4195 ophyllnll

164 4225 236 4272 nxn
255 4221 314 4288 sepi
337 4222 440 4285 ἰξίωνος.
464 4226 495 4274 ds
518 4225 600 4273 ixlons
616 4227 751 4274 Dositheus
767 4240 793 4286 p.
807 4227 838 4272 67
894 4229 924 4274 19
950 4223 1118 4290 Ιῆξιιργαπείο
1141 4227 1204 4274 coni.
1225 4226 1264 4288 23
1290 4228 1327 4276 nil

94 4320 241 4368 mutandam
257 4324 342 4368 censat
358 4319 465 4368 Bursian
480 4320 528 4367 1113
540 4318 626 4367 xclu
642 4335 668 4381 p.
682 4321 739 4380 777,
757 4321 790 4368 35
842 4321 874 4367 22
893 4319 964 4368 verti.
976 4319 1046 4367 LXV
1064 4320 1182 4382 Alcyone
1200 4321 1327 4385 Ceyx...

95 4415 233 4476 appellant
251 4414 336 4462 nxm
351 4413 460 4464 surana
476 4415 528 4462 hc.
