3082 4950
740 216 780 282 31

234 377 333 454 tuque
354 371 534 454 Lycaoniae
556 375 698 436 mutatae
721 369 840 435 semine
862 368 1020 451 nymphae

234 502 328 565 quam
350 483 455 565 gelido
476 488 602 564 raptam
625 482 666 546 de
688 481 807 546 uertice
828 481 1027 545 Nonacrinae

234 614 352 663 oceano
375 594 524 677 prohibet
545 611 672 674 semper
693 611 728 657 se
750 592 873 673 tingere
894 592 1013 672 Tethys

235 726 315 772 ausa
337 725 416 772 suae
438 705 512 787 quia
534 705 578 772 sit
599 704 757 785 quondam
780 703 984 768 succumbere
1006 700 1162 769 alumnae.

148 820 228 886 haec
247 819 347 900 igitur
368 835 445 882 ursa
467 816 634 881 aGreecis
658 810 747 900 ἑλίκη
769 813 963 896 appellatur:
991 814 1070 878 haec
1090 813 1188 879 habet
1210 814 1322 880 stellas
1344 811 1407 880 iu5

149 927 255 1011 capite
277 933 400 1010 septem
421 946 483 992 non
506 926 626 1005 clarae,
649 925 681 990 iu
704 930 839 1008 utraque
862 943 938 989 aure
960 925 1040 989 dues
1062 925 1095 989 in
1118 943 1206 989 armo
1228 944 1323 990 unam
1345 926 1378 991 in

148 1045 278 1123 pectore
300 1040 418 1104 claram
441 1056 536 1104 unam
558 1037 590 1101 in
613 1043 754 1102 extrema
778 1053 857 1100 coxa
873 1035 991 1100 claram
1013 1054 1107 1100 unam
1130 1037 1162 1100 in
1184 1035 1300 1100 femine
1322 1055 1378 1118 po-

149 1151 277 1217 steriori
300 1151 381 1216 duas
402 1149 435 1214 in
458 1149 540 1231 pede
563 1153 704 1214 extremo
727 1149 807 1213 duas
831 1147 864 1211 in
887 1148 989 1212 cauda
1010 1154 1092 1228 tres,
1114 1166 1223 1213 omnes
1247 1168 1378 1215 numero

149 1262 282 1345 viginti]

608 1456 769 1553 CLXVIll
790 1456 921 1521 Danaus

236 1596 367 1661 Danaus
389 1594 458 1660 Beli
479 1593 563 1658 iilius
593 1592 798 1673 expluribus
829 1591 1015 1674 coniugibus
1044 1593 1274 1676 quinquaginta
1295 1594 1379 1661 filias
1391 1598 1431 1662 10

150 1708 271 1787 habuit,
289 1707 486 1787 totidemque
501 1703 584 1769 filios
600 1704 700 1768 frater
714 1706 890 1786 Aegyptus,
906 1704 960 1785 qui
976 1704 1122 1769 Danaum
1136 1705 1266 1772 fratrem
1283 1707 1381 1772 inter·

151 1817 246 1885 ficere
274 1811 374 1883 voluit
403 1821 439 1882 ut
460 1835 593 1898 regnum
621 1819 789 1896 paternum
819 1815 906 1880 solus
936 1815 1093 1881 obtineret
1123 1816 1163 1899 let
1190 1817 1273 1884 filias
1303 1819 1379 1904 eiust

151 1929 226 1995 filiis
243 1947 358 1994 uxores
378 1928 511 1994 alratre
525 1927 680 2009 poposcit.
723 1926 854 1992 Danaus
871 1946 909 2000 re
926 1927 1052 2008 cognita
1067 1927 1211 1995 Minerva
1227 1930 1381 1997 adiutrice

80 2079 82 2082 -
153 2061 193 2107 ex
203 2041 310 2117 Africa
320 2041 425 2122 Argos
439 2038 592 2120 profugit:
615 2044 690 2103 tunc
704 2037 840 2120 primum
856 2038 972 2103 dicitur
981 2038 1125 2105 Minerva
1140 2059 1253 2107 navem
1267 2042 1382 2109 fecisse

152 2153 311 2234 biproram
326 2151 358 2214 in
375 2169 438 2232 qua
452 2149 584 2215 Danaus
599 2148 792 2230 profugeret,
824 2151 867 2212 At
883 2152 1049 2232 Aegyptus
1063 2156 1099 2216 ut
1113 2152 1222 2219 resciit
1234 2153 1381 2220 Danaum
1390 2153 1431 2218 15

153 2262 333 2346 profugisse
355 2261 454 2326 mittit
475 2260 557 2326 filios
587 2261 629 2324 ad
651 2261 904 2342 persequendum
926 2260 1057 2327 fratrem
1079 2266 1112 2328 et
1139 2263 1184 2328 eis
1206 2266 1379 2347 praecepit,

153 2378 190 2440 ut
212 2379 268 2439 aut
282 2375 427 2438 Danaum
449 2370 663 2437 interficerent
685 2376 741 2436 aut
756 2372 798 2436 ad
813 2389 849 2435 se
871 2389 935 2436 non
950 2378 1192 2439 reverterentur.
1223 2374 1277 2457 qui
1291 2379 1381 2457 post

153 2504 248 2568 quam
271 2489 373 2567 Argos
395 2489 565 2562 venerunt,
588 2501 774 2564 oppugnare
795 2487 944 2563 patruum
967 2489 1147 2565 coeperunt.
1191 2485 1321 2550 Danaus
1343 2491 1380 2552 ut

152 2597 233 2661 vidit
255 2615 290 2662 se
312 2596 351 2661 iis
374 2594 528 2661 obsistere
550 2612 612 2658 non
629 2612 740 2674 posse,
762 2593 930 2673 pollicetur
945 2594 991 2659 eis
1006 2593 1089 2659 filias
1112 2612 1187 2662 suas
1206 2615 1322 2665 uxores
1344 2603 1381 2663 ut

153 2727 262 2791 pugna
277 2707 479 2772 absisterent.
501 2705 688 2786 impetratas
712 2723 839 2769 sorores
860 2705 1023 2786 patrueles
1045 2685 1235 2788 acceperunt
1255 2707 1431 2793 uxores,20

153 2835 236 2901 quae
256 2818 358 2901 patris
380 2817 470 2882 iussu
484 2816 569 2881 viros
590 2834 665 2880 suos
687 2815 919 2881 interfecerunt.
962 2816 1038 2882 Sola
1052 2817 1282 2900 Hypermestra
1295 2822 1381 2904 Lyn-

154 2948 244 2996 ceum
261 2928 409 2995 servevit.
437 2928 476 2992 ob
493 2926 527 2993 id
543 2932 719 3008 claleterce,
729 2927 877 2992 dicuntm
892 2928 978 3010 apud
991 2927 1110 2994 inferos
1125 2929 1158 2995 in
1174 2930 1293 2996 dolium
1308 2952 1381 3016 per-

153 3047 261 3108 tusum
277 3058 391 3122 aquam
409 3039 562 3123 ingerere.
591 3039 841 3121 Hypermestrae
864 3046 895 3104 et
909 3039 1035 3122 Lynceo
1053 3040 1162 3108 fanum
1182 3041 1301 3109 iactum
1322 3051 1380 3112 est.

581 3236 757 3302 CLXVIIII
777 3236 952 3317 Amymone

238 3376 413 3456 Amymone
434 3372 538 3438 Danai
558 3371 624 3438 filia
646 3372 720 3437 dum
743 3371 888 3437 studiose
915 3372 948 3437 in
971 3373 1052 3440 silva
1074 3379 1209 3440 venatur
1230 3338 1380 3460 Satyrum

156 3551 168 3595 1
194 3553 298 3595 mamma
320 3561 332 3593 c
354 3547 410 3594 coni
433 3546 488 3604 Mu,
514 3551 603 3593 munte
625 3560 638 3592 e
659 3546 776 3594 Heinsius
801 3546 925 3605 [paeonio
942 3553 1035 3595 matam
1056 3561 1069 3594 e
1094 3548 1180 3595 semine
1204 3550 1309 3612 nympha
1331 3550 1379 3599 Sch

155 3642 322 3691 dnonaerino
339 3640 383 3688 Mu
434 3640 541 3688 dthetis
559 3641 580 3687 F
597 3654 652 3688 corr
668 3641 711 3687 Mu
764 3641 913 3689 thelicae*
966 3646 979 3690 1
999 3642 1143 3690 foemineil

225 3739 254 3785 12
275 3740 307 3783 ‘et
318 3735 382 3783 filias
395 3735 455 3783 eius’
472 3739 530 3795 post
546 3735 646 3782 trahem
663 3736 680 3780 l.
695 3738 725 3782 11
744 3735 821 3782 habet
838 3736 859 3781 F
875 3736 923 3784 trai
940 3733 966 3784 Σ
984 3736 1014 3784 ci.
1034 3737 1112 3797 myth.
1131 3737 1186 3783 Vet.
1204 3739 1216 3784 l
1235 3740 1284 3787 134
1302 3753 1326 3799 p.
1338 3741 1379 3798 43,

156 3834 186 3880 11
209 3833 234 3880 11
259 3831 307 3878 103
332 3832 433 3890 p.109,
452 3831 484 3876 42
545 3831 575 3876 21
602 3828 790 3888 Hypermestra
815 3830 854 3876 Bu
912 3834 943 3879 23
968 3831 1169 3890 Hyperraceatrae
1191 3832 1229 3877 Bu
1271 3832 1381 3880 Fabulae

154 3927 291 3975 CLXVIII.
309 3925 457 3972 chvnn.
475 3922 578 3980 CLXX,
605 3922 626 3969 si
650 3923 708 3982 quid
726 3923 811 3981 video,
839 3927 896 3982 post
913 3923 1050 3970 ccxxvii
1067 3929 1125 3972 sunt
1141 3925 1297 3973 traiciendas
1323 3941 1382 3974 nam

153 4022 257 4069 Danaus
274 4019 330 4066 Beli
346 4018 411 4066 lilius
429 4021 453 4064 et
471 4015 579 4065 Cadmus
595 4016 716 4076 Agenoris
734 4016 811 4074 filius,
829 4017 943 4077 Europae
960 4018 1048 4076 frater,
1072 4019 1159 4068 fratres
1176 4023 1234 4067 suut
1249 4022 1381 4082 patrueles,
1434 4035 1438 4041 ·

153 4114 276 4175 iidemque
293 4113 386 4174 Libyes
403 4112 544 4171 aNeptuno
561 4125 724 4171 compressae,
743 4111 811 4159 cuius
830 4111 846 4158 l.
860 4110 1000 4158 CXLVIIII
1017 4113 1108 4160 mentio
1126 4115 1191 4161 facta
1208 4120 1253 4173 est,
1271 4119 1381 4176 nepotas,

153 4211 196 4256 Ius
213 4212 360 4269 pronepotes
697 4185 700 4189 ’

223 4302 364 4349 cuxvffll
381 4301 503 4347 emimone
521 4299 542 4344 F
558 4313 614 4346 corr
631 4298 719 4346 Gomm
765 4303 798 4348 24
816 4299 970 4348 emimoneh'
988 4314 1043 4347 corr
1055 4300 1141 4349 Oomm
1154 4298 1164 4368 ΙΙ
1176 4301 1202 4347 io
1218 4301 1298 4348 incedo
1315 4304 1380 4352 malo

154 4397 230 4458 myth.
249 4396 304 4444 Vct.
322 4397 348 4444 11
364 4411 389 4457 p.
404 4396 464 4454 140,
482 4396 516 4444 40
535 4389 546 4460 ΙΙ
565 4393 678 4455 venatur]
703 4394 784 4441 iaculo
806 4398 971 4453 exerceretur,
996 4394 1139 4456 imprudens
1156 4395 1233 4457 myth.
1249 4396 1330 4446 Vatl
1346 4400 1379 4446 io
