3082 4950
671 185 731 254 131

496 452 639 520 CCXXII
662 452 791 534 Septem
813 451 903 534 lyrici

447 589 466 627 sk
937 588 954 627 ³1¹

691 637 710 675 ‘l‘

395 787 554 854 eoxxur
575 787 705 868 Septen
728 804 828 868 opera
849 766 1007 851 marauna
1078 744 1080 749 ’

172 924 292 1007 Ephesi
315 924 437 990 Dianae
466 925 634 1006 templum,
668 923 754 1005 quod
782 921 858 987 fecit
889 923 1031 986 Amazon
1062 924 1177 989 Otrera
1206 923 1321 989 Martis

89 1035 234 1109 coniunrr.
285 1035 514 1101 Munimentum
546 1035 630 1116 regis
658 1034 796 1099 Mausoli
823 1033 984 1115 lapidibus
1012 1018 1190 1116 lychniticis
1221 1036 1320 1100 altum

88 1149 188 1230 pedes
218 1146 336 1212 LXXX
369 1147 519 1213 circuitus
551 1147 652 1228 pedes
680 1143 888 1227 discedite.
926 1145 1047 1209 'Rhodi
1081 1144 1211 1228 signum
1237 1146 1321 1212 Solis

88 1276 233 1339 aeneum,
255 1256 290 1321 id
313 1264 364 1322 est
386 1257 539 1339 colossus,
563 1256 647 1322 altus
663 1256 799 1338 pedibus
814 1256 877 1321 XC.
922 1255 1053 1338 Signum
1072 1257 1157 1322 lovis
1174 1259 1321 1340 Olympii,

89 1370 175 1452 quod
205 1369 281 1434 fecit
308 1369 506 1444 Phidiascx
534 1368 629 1434 ebore
659 1373 692 1432 et
720 1386 798 1432 auro
827 1369 944 1432 sedens
970 1368 1071 1448 pedes
1092 1369 1158 1434 LX.
1201 1369 1352 1435 Domusb

90 1480 163 1563 Gyri
189 1479 275 1562 regis
305 1478 338 1543 iu
366 1478 553 1561 Ecbatanis,
583 1496 678 1560 quarn
706 1477 782 1543 fecit
804 1478 952 1544 Memnon
974 1478 1135 1561 lapidibus
1165 1481 1262 1546 variis
1291 1489 1323 1546 et

90 1590 235 1656 candidis
257 1589 372 1655 vinctis
395 1608 481 1655 auro.
525 1590 635 1656 Murus
658 1582 902 1671 in'Babylouia
926 1589 1116 1671 quemfecit
1139 1591 1323 1658 Semiramis

90 1701 237 1767 Dercetis
258 1699 325 1767 filia
347 1698 448 1767 latere
472 1707 561 1766 cocto
584 1707 617 1767 et
637 1701 789 1784 sulphure
811 1700 896 1765 ferro
918 1701 1073 1782 vinctum,
1100 1702 1200 1767 latum
1220 1701 1324 1784 'pedes

89 1814 178 1879 XXV
203 1813 301 1878 altum
329 1814 428 1895 pedes
451 1812 508 1878 LX
536 1812 724 1878 incircuitu
752 1813 929 1877 stadiorum
952 1811 1035 1878 OCO.
1078 1813 1265 1896 Pyramides
1291 1817 1323 1881 iu

90 1928 237 2006 Aegypto
260 1943 392 2006 quarum
415 1925 528 1990 umbra
550 1943 613 1989 uon
635 1925 763 1989 videtur
785 1923 870 1989 altae
893 1923 991 2006 pedes
1013 1923 1078 1990 LX
1333 1926 1373 1990 10

235 2171 409 2238 ooxxnrl
433 2172 493 2250 Qui
515 2171 591 2238 facti
614 2177 690 2238 sunt
711 2191 750 2236 ex
772 2171 959 2237 mortalibus
981 2172 1177 2239 immortales

94 2309 250 2377 Hercules
280 2309 388 2375 Iouis
425 2314 459 2374 et
491 2309 685 2375 Alcumenae

136 2422 221 2487 filius
734 2419 872 2485 Perseus
887 2419 972 2485 Iovis
988 2425 1020 2485 et
1030 2420 1160 2486 Danaes
1174 2420 1268 2503 filius,
1291 2422 1323 2487 in

93 2533 190 2599 Liber
211 2531 297 2597 Iovis
321 2535 354 2595 et
376 2529 517 2595 Semelae
538 2529 623 2595 filius
778 2530 890 2595 stellas
912 2535 1059 2612 recept-us

94 2645 211 2711 Castor
226 2649 259 2708 at
273 2642 386 2709 Pollux
401 2640 544 2706 Helenae
558 2639 684 2722 fratres,
734 2640 836 2706 Arcas
858 2641 943 2706 Iovis
967 2647 999 2706 et
1021 2641 1153 2708 Callisto
1176 2642 1270 2725 filius,
1290 2644 1323 2709 iu

137 2754 223 2821 Iovis
246 2759 278 2820 et
299 2753 408 2819 Ledae
428 2752 485 2817 filii
779 2752 890 2818 stellas
913 2752 1033 2818 relatus
1334 2751 1375 2818 15

98 2931 285 2939 —-----·⁴-

95 3063 119 3109 p.
133 3049 182 3096 310
200 3046 287 3094 Savar.
306 3045 357 3093 dixi
378 3046 404 3092 in
421 3045 521 3106 Didym.
545 3046 598 3092 rell.
616 3059 640 3105 p.
654 3047 793 3094 ara-74.
812 3046 942 3093 retractavi
966 3046 992 3092 in
1015 3061 1077 3094 mus.
1100 3047 1171 3094 rheu.
1197 3063 1222 3094 n.
1239 3062 1259 3095 s.
1278 3048 1327 3094 XX

95 3156 120 3203 p.
134 3143 199 3201 398,
217 3146 242 3189 et
265 3155 328 3200 quae
352 3140 383 3187 ds
399 3139 519 3187 Varronis
542 3138 738 3187 hebdomadibus
756 3139 860 3187 disserui
884 3153 1013 3188 assensum
1035 3145 1108 3189 nacta
1131 3147 1188 3189 sunt
1211 3143 1327 3189 Bursiani

96 3237 146 3283 lc.
166 3238 252 3296 p.'181
1250 3295 1252 3300 ,

165 3327 192 3377 si
209 3334 275 3378 recta
292 3328 386 3376 conieci
403 3328 528 3388 Hyginum
545 3327 680 3386 Varronis,
698 3328 836 3374 Varronem
853 3327 935 3388 graeci
953 3327 1097 3375 anctoritate
1115 3329 1173 3388 niti,
1198 3329 1238 3376 hic
1255 3330 1328 3376 inerit

96 3424 241 3486 Lyricorum
259 3425 333 3470 ordo:
350 3423 439 3470 Almam
457 3423 524 3469 Laco
542 3421 696 3469 Stesichorus
713 3421 859 3470 Himeraeus
877 3421 966 3483 Ibycus
980 3423 1106 3482 Rheginus
1124 3424 1235 3471 Anacreo
1253 3425 1328 3472 Teius

97 3518 237 3567 Simonides
263 3517 327 3566 Ceus
351 3517 474 3564 Pindarus
498 3516 632 3564 Thebanus
655 3515 819 3577 Bacchylides
844 3515 916 3565 Ceus.
959 3517 1052 3578 Dldym
1075 3517 1128 3564 rell.
1155 3532 1178 3578 p.
1197 3519 1328 3568 393-93

97 3612 208 3673 Antipat.
227 3611 339 3661 Thessal.
358 3611 435 3672 epigr.
448 3612 480 3658 58
499 3625 523 3671 p.
537 3613 586 3660 313
605 3611 704 3658 Hecker
984 3677 987 3682 Ι

167 3710 181 3755 1
207 3705 322 3753 otriraF
347 3712 374 3752 ut
398 3705 448 3752 iah.
466 3705 545 3753 XXX.
564 3703 677 3752 GOXXV
702 3719 757 3752 corr
774 3705 817 3752 Mu
877 3708 891 3754 3
917 3705 1094 3753 munimentum
1118 3707 1138 3752 p
1162 3722 1218 3755 corr
1242 3709 1329 3756 Oomm

99 3799 244 3867 lllychuicis
262 3801 282 3846 F
303 3799 415 3858 lycaonia
441 3799 576 3847 Salmasius
593 3800 610 3845 i.
629 3814 660 3846 m.
684 3812 738 3846 corr
756 3799 799 3846 Mu
858 3802 873 3847 9
896 3797 1005 3846 CCCLX
1029 3800 1138 3853 Bochart
1155 3800 1250 3862 Phaleg
1266 3804 1278 3849 1
1297 3804 1328 3850 12

99 3897 132 3943 10
150 3892 306 3942 nccoch
324 3893 373 3941 Sch
391 3892 436 3941 Dc
454 3895 574 3942 lduuclrer
592 3908 621 3941 ex
638 3893 706 3941 Vibii
725 3893 781 3952 Seq.
800 3908 846 3940 ms.
865 3893 937 3939 Revii
953 3895 1059 3954 append.
1078 3909 1101 3955 p.
1116 3896 1164 3942 163
1184 3897 1222 3965 ed.
1241 3896 1330 3944 Hassel

99 3993 124 4036 st
140 3988 254 4049 Ampelio
273 4003 296 4050 p.
311 3991 358 4048 20,
382 3989 424 4049 qui
443 3991 547 4037 eundem
564 4003 665 4048 operum
684 3987 832 4035 mirabilium
850 3991 981 4035 servarunt
1003 3988 1122 4036 ordinem.
1154 3989 1226 4037 Alius
1243 3995 1280 4038 est
1303 3990 1329 4037 iu

98 4082 233 4131 Aristotele
254 4097 293 4143 ap.
312 4084 391 4131 Nicet.
414 4084 440 4130 in
464 4083 545 4131 Schol.
564 4081 637 4142 Greg.
655 4084 718 4130 Nan.
745 4097 780 4130 or.
799 4083 831 4129 30
856 4083 896 4147 (ir.
915 4084 948 4130 30
965 4095 988 4141 p.
1004 4085 1053 4130 636
1077 4083 1114 4130 ed.
1133 4082 1231 4131 Valent.
1255 4082 1331 4146 Rosa)

99 4178 167 4239 apud
179 4176 295 4226 Cosmum
313 4178 345 4225 ad
363 4192 437 4225 carm.
451 4177 474 4225 S.
489 4176 591 4236 Gregor.
603 4178 665 4224 Nan.
685 4192 723 4239 ap.
736 4176 854 4223 Murator.
873 4190 910 4236 op.
924 4174 991 4223 CXL
1008 4175 1033 4222 in
1051 4178 1072 4223 Α
1086 4175 1136 4222 Mai
1155 4177 1215 4236 spic.
1232 4192 1294 4224 rom.
1307 4177 1332 4225 11

99 4287 125 4333 p.
139 4273 188 4320 331
202 4285 239 4332 sq.

171 4368 200 4413 ll
222 4368 349 4414 alcumena
367 4366 387 4413 F
443 4368 472 4413 14
491 4368 585 4428 calysto
603 4366 624 4411 p
641 4363 754 4413 Callistus
772 4363 815 4415 ldu
