3082 4950
717 250 823 317 XXIX

154 423 176 470 a
196 403 330 470 letiferis
357 409 419 469 aut·
433 403 614 470 numinibus
636 409 694 470 aut
720 404 796 470 feris
818 404 1008 470 animalibus
1029 403 1198 486 benignius
1226 408 1302 470 sunt
1322 409 1387 469 tro-

155 517 241 598 ctati,
264 534 289 582 c.
305 515 407 582 ochi.
418 517 451 580 II
465 516 505 580 in
518 521 704 581 transcursu
721 522 954 581 enumerantur.
985 516 1033 582 De
1048 515 1206 598 capitibus
1218 514 1388 581 CCLIII-

154 629 226 694 VII.
250 627 576 694 CCLXVII—LXXI
598 627 676 692 nihil
692 627 794 693 babeo
816 630 901 709 quod
918 628 1034 692 addam
1052 633 1181 709 praeter
1198 627 1258 693 hoc
1276 626 1387 706 solum,
1456 714 1459 720 Ι

154 740 274 820 locum,
304 757 397 820 quem
417 739 451 803 in
472 737 589 804 fabulis
611 759 629 804 e
651 739 760 805 Servio
781 739 919 821 receptis
944 739 1035 804 Atrei
1056 746 1088 804 et
1110 738 1257 821 Thyestis
1279 737 1388 802 fabula

155 854 307 932 occupat,
336 849 411 915 inde
434 849 654 932 explicandum
675 851 792 930 uideri,
823 851 908 932 quod
935 849 1105 915 inimicitiis
1137 849 1232 915 etiam
1259 855 1388 931 praeter

154 967 302 1027 naturam
326 961 472 1026 exercitis
501 967 534 1026 et
554 961 679 1026 feminis
701 961 940 1027 formosissimis
968 961 1056 1026 locus
1084 978 1255 1025 concessus
1282 959 1387 1025 inerit.

155 1073 277 1138 Iudicia
291 1072 521 1156 parricidarum
545 1073 599 1154 qui
620 1073 652 1137 in
669 1076 836 1156 Areopago
852 1090 1000 1138 caussam
1024 1072 1170 1137 dixerunt
1188 1071 1387 1154 (CCLXXII)

153 1190 262 1249 utrum
284 1184 327 1249 od
349 1184 663 1250 ccxxxiv-LIV
685 1202 725 1248 on
749 1184 920 1249 adultiora
941 1183 1077 1248 libriIII
1099 1183 1206 1264 capita
1226 1181 1388 1264 pertinere

154 1296 293 1361 voluerit
319 1301 431 1362 auctor
457 1295 639 1377 ambiguum
668 1303 727 1361 est.
758 1295 904 1377 equidem
926 1297 987 1360 hoc
1013 1295 1143 1359 eredere
1164 1294 1286 1374 malim,
1316 1311 1387 1360 cum

155 1408 239 1475 inter
261 1406 451 1490 gravissima
473 1406 616 1472 cultioris
638 1406 724 1471 vitae
744 1407 911 1487 instituta,
933 1425 1066 1488 quorum
1086 1405 1302 1471 inventionem
1323 1405 1387 1486 pri·

154 1537 239 1584 mam
262 1524 387 1585 ueteres
414 1517 543 1583 fabulae
570 1518 755 1600 praedicare
778 1525 985 1598 consuerunt,
1013 1517 1191 1583 iurisdictio
1219 1515 1387 1582 referenda

155 1630 208 1696 sit.
251 1628 328 1711 Cap.
347 1628 529 1695 CCLXXVI
552 1629 690 1709 (insulae
705 1629 876 1706 maximae)
900 1630 942 1694 ab
959 1629 1148 1711 oppidorum
1170 1629 1386 1694 conditoribus

155 1759 289 1822 prorsus
311 1740 449 1805 alienum
477 1722 632 1821 proscribi
654 1739 772 1806 debere
793 1741 914 1805 dudum
944 1740 985 1804 ab
1007 1739 1079 1805 aliis
1107 1739 1305 1805 intellectum
1328 1745 1386 1806 est

155 1851 484 1918 accucurri-111
511 1852 621 1931 otiam,
650 1852 726 1917 lieet
754 1872 792 1917 ex
821 1857 952 1917 auctore
980 1871 1043 1917 non
1073 1851 1253 1932 spernendo
1282 1858 1387 1916 trans·

154 1963 277 2044 scripta
299 1961 382 2027 scitu
403 1962 490 2027 haud
506 1963 637 2044 indigna
659 1963 851 2044 contineant,
872 1962 989 2027 iniuria
1004 1962 1136 2027 dixerim
1153 1961 1186 2027 in
1208 1962 1269 2027 hoc
1283 1963 1388 2028 Fabu-

155 2068 267 2139 lorumx
288 2073 368 2138 libro
400 2074 535 2139 servari:
567 2092 631 2139 non
660 2074 772 2156 ignoro
801 2080 908 2140 tamen
938 2073 971 2138 in
1001 2073 1233 2155 mythographo
1261 2092 1387 2156 quoque

155 2184 313 2251 Vaticano
330 2185 346 2249 Ι
361 2185 425 2248 222
445 2190 601 2267 septem
618 2185 703 2250 bella
724 2186 829 2251 civilia
842 2187 1056 2251 Romanorum
1072 2185 1308 2266 dinumerans,
1329 2204 1386 2250 se·

155 2295 340 2379 ptenarii
360 2297 484 2362 numeri
506 2297 738 2378 praestantiam
760 2297 922 2362 celebrari.

241 2407 303 2472 His
325 2391 493 2489 expositis
524 2427 617 2474 nemo
639 2409 777 2491 amplius
805 2408 996 2474 inficiabitur
1016 2407 1226 2474 fabulatorem
1248 2409 1281 2472 in
1303 2426 1386 2473 com-

154 2521 303 2601 ponendo
325 2520 385 2584 hoc
406 2519 487 2583 libro
504 2519 729 2602 discipulorum
746 2538 784 2585 ac
798 2521 936 2585 tironum
952 2519 1024 2583 usui
1046 2520 1284 2585 accommodato
1307 2520 1386 2585 nihil

153 2628 297 2695 molitum
320 2648 392 2696 esse
414 2630 538 2713 Inepte,
561 2636 593 2696 et
616 2632 642 2697 si
666 2650 729 2713 qua
751 2637 826 2696 sunt
848 2631 880 2695 in
903 2631 1077 2712 digerenda
1099 2631 1231 2695 materie
1252 2631 1298 2696 ita
1318 2635 1385 2696 tur·

153 2741 239 2821 bata,
261 2746 299 2805 ut
318 2741 476 2807 hominem
499 2742 622 2807 consilii
645 2748 807 2823 expertem
829 2741 887 2807 tibi
910 2741 1160 2824 deprehendisse
1181 2741 1324 2823 videare,
1346 2760 1386 2807 ea

153 2851 270 2934 partim
300 2852 404 2934 casui,
433 2871 526 2934 quem
554 2853 587 2918 in
614 2853 712 2919 libros
740 2872 807 2919 mss
836 2852 1044 2934 complurium
1072 2858 1129 2918 aut
1155 2852 1301 2918 fohorum
1328 2859 1386 2919 out

154 2963 293 3045 capitum
308 2964 559 3046 transpositione
577 2965 725 3030 licentius
742 2964 883 3047 grassari
900 2964 1003 3031 solere
1019 2964 1216 3047 exploratum
1232 2970 1292 3045 est,
1313 2983 1386 3047 par·

153 3076 209 3141 tim
230 3075 471 3158 iuterpolatoris
494 3077 660 3142 conatibus
682 3077 874 3158 imputanda·
893 3094 973 3141 esse.
995 3094 1059 3157 qua
1080 3075 1301 3141 observatione
1322 3095 1384 3158 quo

152 3186 342 3253 luculentior
363 3186 401 3252 fit
422 3187 589 3269 scriptoris
610 3187 721 3268 nostri,
744 3188 914 3253 multorum
939 3187 1118 3268 ignominiis
1141 3187 1255 3267 affecti,
1277 3187 1385 3252 existi·

152 3299 260 3379 matio,
283 3316 320 3364 eo
341 3298 445 3380 magis
468 3317 506 3363 ex
528 3317 563 3364 re
577 3298 645 3364 fore
659 3298 795 3379 videtur,
817 3304 854 3363 ut
874 3296 936 3364 iam
953 3299 1037 3363 duae
1053 3305 1274 3380 proponantur
1288 3317 1384 3380 quae-

153 3410 290 3490 stiones,
321 3408 450 3491 quibus,
481 3410 509 3474 si
537 3410 658 3492 optatis
688 3409 817 3475 fortuna
844 3409 1062 3492 responderit,
1093 3410 1188 3475 etiarn
1220 3411 1385 3477 honestior

151 3520 260 3586 lutura
287 3521 331 3585 sit
351 3521 576 3604 mythogrephi
598 3521 751 3587 condicio.
795 3521 935 3587 Primum
961 3521 1044 3586 enim
1066 3521 1229 3602 quaeritur
1257 3529 1385 3604 practer

151 3632 277 3698 fabulas
298 3651 362 3696 non
384 3637 529 3698 servatas
552 3633 679 3715 quidem
702 3633 761 3698 sed
788 3633 820 3698 in
850 3633 953 3698 indice
975 3637 1159 3698 numeratas
1188 3633 1383 3715 perierintne

153 3743 248 3809 etiam
272 3743 369 3823 aliae,
392 3760 433 3808 on
455 3743 535 3808 liber
555 3762 614 3825 pro
635 3743 784 3809 incolumi
807 3744 850 3810 sit
870 3744 1052 3824 habendus,
1076 3743 1192 3809 deinde
1213 3750 1319 3811 utrum
1342 3747 1383 3811 ab

150 3855 241 3920 initio
256 3854 288 3919 in
304 3853 412 3936 capita
425 3854 521 3920 fuerit
537 3855 726 3937 discerptus,
749 3874 789 3921 an
804 3855 1015 3921 bibilotheoae
1031 3855 1135 3920 instar
1149 3856 1383 3938 Apollodoreos

109 4028 111 4035 ,
150 3984 203 4031 res
218 3970 374 4048 perpetuo
390 3966 582 4032 narrationis
598 3971 710 4033 tenore
724 3967 907 4032 decurrerit.
944 3966 994 4031 Ad
1009 3966 1146 4048 priorem
1163 3969 1382 4049 quaestionem

152 4077 338 4142 solvendam
361 4077 489 4143 maximi
510 4078 661 4144 momenti
683 4084 733 4144 est
754 4078 884 4143 tertia
905 4079 1003 4143 totius
1026 4079 1171 4159 opusculi
1193 4097 1278 4160 pars,
1300 4098 1382 4161 quae
1428 4081 1430 4088 “

151 4187 228 4270 quin
251 4188 390 4269 genuina
412 4188 462 4270 sit,
483 4189 589 4271 ipsum
604 4190 673 4255 eius
689 4189 855 4255 consilium
873 4189 973 4270 probe
994 4195 1195 4271 perspectum
1217 4208 1276 4255 nos
1293 4191 1383 4257 dubi-

150 4304 220 4364 tare
244 4318 307 4364 non
330 4299 414 4365 sinit.
437 4300 468 4365 in
492 4302 552 4367 hac
574 4301 656 4365 enim
679 4306 772 4383 parte
787 4319 884 4365 unum
908 4305 958 4364 est
980 4301 1063 4381 quod
1084 4318 1162 4383 prae
1179 4301 1293 4366 ceteris
1315 4302 1382 4367 aui-

151 4429 236 4476 mum
259 4410 407 4494 advertit,
428 4412 523 4494 quod,
544 4429 615 4478 curn
636 4412 669 4477 in
692 4412 834 4478 secundo
855 4411 936 4477 libro
951 4410 1076 4477 nonnisi
1098 4429 1233 4493 graecae
1253 4411 1381 4481 fabulae
