3082 4950
745 230 786 298 57

150 386 370 469 magnitudine
392 386 542 452 dicuntur
562 385 670 452 irrisae
700 386 734 451 hi
756 386 895 469 [singuli]
924 385 1059 468 singulis
1080 384 1244 451 mensibus
1271 401 1387 448 novem

152 497 263 580 digitis
287 498 481 564 crescebant.
511 499 620 580 itaque
647 517 718 564 cnm
748 502 858 565 essent
879 515 1034 562 annorum
1061 516 1174 563 novem
1204 496 1238 561 in
1260 495 1385 561 coelum

152 609 326 675 ascendere
348 614 424 675 sunt
439 610 553 675 conati.
583 609 637 692 qui
659 610 781 675 aditum
803 609 865 676 sibi
879 609 927 674 ita
940 608 1116 674 faciebant:
1138 612 1278 674 montem
1300 607 1384 672 enim

151 722 267 786 Ossam
290 738 388 804 snper
408 721 518 787 Pelion
540 725 732 804 posuerunt,
753 721 838 786 unde
860 719 956 786 etiam
979 720 1088 785 Pelion
1108 721 1194 785 Ossa
1214 737 1306 786 mons
1327 737 1383 800 ap-

150 831 300 913 pellatur,
323 832 465 916 aliosque
480 838 605 899 montes
621 832 857 899 construebant.
880 831 933 914 qui
954 831 995 896 ab
1011 830 1157 913 Apolline
1177 832 1293 915 †nacti
1308 829 1412 896 sunt5

150 943 319 1010 interfecti.
363 945 427 1010 Alii
449 949 554 1010 autem
578 949 724 1010 auctores
748 944 858 1009 dicunt
878 943 1020 1025 Neptuni
1042 947 1075 1008 et
1096 942 1279 1025 Iphimedes
1300 942 1385 1008 filios

150 1054 252 1121 fuisse
271 1054 276 1142 Ι
295 1064 432 1121 olrolos.
456 1092 498 1104 —
541 1055 585 1121 lli
614 1074 684 1122 cum
706 1057 841 1122 Dianam
870 1055 1077 1136 comprimere
1098 1054 1276 1121 voluissent
1304 1073 1386 1137 quaa

151 1185 222 1232 cum
243 1187 307 1234 non
329 1172 440 1251 posset
453 1168 575 1234 viribus
591 1186 700 1233 eorum
719 1166 724 1252 l
744 1167 911 1245 obsistere,
937 1167 1060 1249 Apollo
1078 1168 1164 1230 iuter
1182 1186 1237 1229 eos
1253 1185 1384 1229 cernam

151 1281 247 1354 misit,
271 1300 366 1364 qurum
380 1281 432 1343 illi
444 1278 566 1363 [irrora
583 1280 705 1344 incensi
720 1279 793 1342 dcrm
810 1280 922 1342 nollent
942 1278 946 1364 Ι
965 1280 1083 1342 iucrrlis
1101 1275 1286 1360 iulerfirere
1301 1277 1385 1339 ullus

152 1391 251 1454 aliam
267 1389 512 1476 inluserernat.
555 1389 620 1469 Qui
635 1390 680 1454 ud
695 1389 823 1475 inimus
842 1389 994 1452 dicuatnr
1013 1388 1018 1476 l
1038 1389 1122 1452 lonc
1136 1408 1277 1471 poenum
1291 1390 1384 1470 pati:
1396 1387 1435 1451 10

152 1501 197 1565 ud
221 1502 420 1580 colrcmnnm,
451 1504 562 1566 urrarsi
584 1503 671 1565 ulter·
694 1500 734 1564 ab
761 1502 887 1579 altero,
918 1500 1215 1584 concinentiarum
1238 1501 1383 1584 deliquii.

151 1613 228 1696 last
249 1620 321 1697 slyr
344 1615 442 1691 inter,
462 1612 467 1698 l
488 1615 669 1677 colrrmaum
690 1613 806 1677 sedans
828 1613 874 1677 ud
897 1632 991 1696 prtum
1013 1619 1085 1675 ruent
1106 1611 1250 1695 delc‘quta'.

574 1810 726 1903 XLVIIII
747 1808 958 1891 Aesculapius

237 1947 448 2029 Aesculapius
463 1946 621 2029 Apollinis
636 1945 720 2012 filius
736 1946 857 2012 Glauco
872 1945 988 2011 Minois
1010 1943 1075 2010 filio
1090 1944 1188 2010 vitam
1202 1944 1385 2010 reddidisse

108 2056 110 2060 ’
155 2055 235 2137 [sive
245 2057 433 2141 Hippolyto]
449 2058 573 2125 dicitur.
590 2077 683 2141 quem
694 2059 817 2141 Iupiter
827 2057 867 2122 ob
877 2057 909 2122 id
924 2056 1056 2123 fulmine
1070 2052 1239 2138 percussit.
1261 2058 1385 2138 Apollo,

154 2169 238 2249 quod
261 2168 328 2234 Iovi
351 2187 464 2237 nocere
485 2188 548 2236 non
570 2169 691 2253 potuit,
715 2187 771 2236 eos
796 2168 850 2251 qui
871 2168 1005 2234 fulmina
1025 2165 1176 2250 fecerant,
1197 2168 1230 2233 id
1254 2172 1304 2234 est
1326 2168 1384 2251 Cy·
1394 2163 1435 2233 15

154 2278 278 2361 alopas,
299 2279 466 2347 interfecit.
511 2282 603 2360 Quod
626 2281 666 2347 ob
688 2280 807 2347 facturn
822 2280 937 2362 Apollo
957 2280 1053 2345 datus
1077 2284 1127 2345 est
1147 2279 1181 2345 in
1197 2280 1384 2346 servitutem

154 2391 292 2457 Admeto
314 2393 384 2475 regi
405 2392 600 2459 Thessaliae.

152 2646 208 2680 corr
225 2632 268 2680 Mu
320 2633 462 2697 1[singnli]
480 2648 527 2681 om.
547 2633 616 2681 Serv.
633 2632 703 2695 Virg.
716 2633 760 2682 (le.
778 2634 791 2679 I
809 2633 859 2681 880
911 2633 990 2692 ipae
1008 2631 1063 2680 noni
1080 2631 1197 2681 Heinsius
1217 2628 1227 2699 ΙΙ
1248 2632 1310 2679 anim
1325 2635 1384 2681 secl.

153 2777 196 2824 Mu
247 2779 344 2827 danda
360 2815 366 2827 .
380 2814 405 2826 ..
423 2780 563 2842 appellatur
580 2781 639 2829 secl.
658 2779 706 2827 Scir
749 2724 930 2827 diritaocrlictiunt
947 2776 972 2827 Σ
1019 2777 1086 2845 71811
1106 2777 1216 2826 atratus?
1235 2774 1245 2844 ΙΙ
1265 2788 1384 2827 Anauros

153 2874 232 2921 codex
256 2874 277 2922 I*
300 2889 356 2923 corr
377 2874 399 2920 I*
424 2877 475 2934 pl
500 2874 564 2922 Mie²
587 2872 598 2941 ΙΙ
618 2875 644 2922 hi
670 2907 676 2920 .
696 2911 700 2920 .
721 2911 726 2921 .
753 2889 837 2922 eorum
860 2873 939 2921 cultro
960 2880 1056 2922 resecta
1079 2874 1105 2920 in
1131 2874 1215 2922 codice
1274 2877 1289 2924 8
1313 2885 1384 2922 unsr-

153 3031 235 3067 srnnn
252 3021 329 3068 codex
346 3020 498 3068 resistereF
551 3023 582 3070 10
600 3017 671 3068 enni
694 3023 771 3068 codex
788 3020 880 3068 corrF
934 3023 964 3067 11
984 2967 1284 3079 Δυὲξὲιῖὴεέξιξυτωυε
1308 3021 1385 3068 codex

155 3114 187 3161 12
207 3112 376 3162 GSchwenek
393 3128 455 3162 mus.
479 3114 548 3162 rhen.
568 3118 633 3164 1858
651 3115 715 3163 XIII
731 3131 755 3176 p.
768 3117 818 3164 477
838 3111 849 3181 11
867 3118 905 3163 est
922 3111 1053 3180 (=exest)
1075 3115 1137 3164 strix
1154 3115 1251 3164 viscera
1267 3115 1385 3163 Barthius

156 3204 168 3273 Η
177 3207 283 3256 fortasse
299 3208 466 3272 inter(aaea)l

221 3300 341 3350 XLVIIII
358 3301 512 3363 aesoolapius
530 3302 551 3348 F
605 3306 636 3352 15
654 3304 763 3352 iecerunt
779 3305 800 3350 F
818 3319 873 3352 corr
890 3304 933 3350 Mn

342 3480 370 3544 L
391 3480 546 3546 Admetus
983 3481 1028 3546 LI
1050 3480 1188 3547 Alcestis

199 3616 352 3682 Alcestim
374 3615 482 3683 Peliae
837 3617 989 3683 Alcestim
1018 3596 1126 3682 Peliae
1153 3622 1185 3683 et
1210 3616 1383 3683 Anaxibies

122 3712 251 3792 ¹filiam
282 3746 353 3792 cum
380 3727 559 3809 complures
580 3727 613 3791 in
636 3726 743 3792 coniu-
795 3728 919 3794 Biantis
955 3727 1040 3793 filiae
1073 3728 1170 3793 filiam
1204 3728 1383 3811 complures

155 3837 241 3921 gium
254 3843 403 3920 peterent
418 3843 451 3903 et
459 3838 565 3905 Pelias
582 3856 652 3904 cum
664 3839 743 3904 mul·
795 3840 883 3922 proci
894 3839 1048 3922 petebant
1061 3839 1094 3903 in
1107 3839 1296 3922 coniugium.
1326 3841 1434 3911 Pe-ao

154 3953 206 4014 tos
219 3969 326 4016 eorum
341 3951 533 4033 repudiaret,
550 3950 743 4016 simultatem
793 3953 855 4019 lias
883 3950 1015 4017 vitans*
1046 3968 1154 4016 eorum
1185 3951 1383 4017 conditiones

154 4062 205 4127 his
222 4062 388 4128 constituit
404 4061 446 4145 [ei
462 4080 497 4128 se
514 4062 673 4142 daturum]
690 4062 744 4145 qui
794 4063 989 4147 repudiavit,
1027 4066 1059 4127 et
1087 4061 1281 4128 simultatem
1310 4079 1383 4127 con-

154 4173 241 4240 feras
263 4173 385 4240 bestias
410 4174 452 4238 ad
477 4192 603 4238 currum
626 4173 744 4239 iunxis-
796 4175 917 4256 stituit,
948 4174 977 4239 ei
996 4191 1032 4239 se
1054 4174 1203 4239 daturum
1225 4173 1278 4255 qui
1298 4173 1384 4239 feras

190 4320 212 4366 L
224 4322 334 4381 spuriam
346 4321 438 4368 iudicat
446 4321 553 4369 Bursian
565 4321 581 4367 l.
592 4323 609 4368 l.
635 4324 666 4369 18
678 4321 746 4369 Pelei

155 4415 244 4462 Fcorr
255 4415 298 4462 Mn
346 4418 377 4464 88
398 4415 595 4478 [circulatorum]
609 4413 746 4464 seclusitE
832 4416 867 4463 LI
886 4419 916 4464 18
934 4414 1068 4464 anaxobles
1086 4415 1201 4463 dimantis
1218 4415 1240 4460 F
1262 4429 1317 4463 corr
1335 4414 1384 4464 Sch
