<?xml version="1.0" encoding="UTF-8"?>
<!DOCTYPE html PUBLIC "-//W3C//DTD XHTML 1.0 Transitional//EN"
    "http://www.w3.org/TR/xhtml1/DTD/xhtml1-transitional.dtd">
<html xmlns="http://www.w3.org/1999/xhtml" xml:lang="en" lang="en">
 <head>
  <title>
</title>
<meta http-equiv="Content-Type" content="text/html;charset=utf-8" />
  <meta name='ocr-system' content='tesseract 3.04.00' />
  <meta name='ocr-capabilities' content='ocr_page ocr_carea ocr_par ocr_line ocrx_word'/>
</head>
<body>
  <div class='ocr_page' id='page_1' title='image "./hyginifabulae00hygigoog_0025.png"; bbox 0 0 3082 4950; ppageno 0'>
   <div class='ocr_carea' id='block_1_1' title="bbox 788 226 848 291">
    <p class='ocr_par' dir='ltr' id='par_1_1' title="bbox 788 226 848 291">
     <span class='ocr_line' id='line_1_1' title="bbox 788 226 848 291; baseline 0 0"><span class='ocrx_word' id='word_1_1' title='bbox 788 226 848 291; x_wconf 83' lang='lat' dir='ltr'>XX</span> 
     </span>
    </p>
   </div>
   <div class='ocr_carea' id='block_1_2' title="bbox 186 376 1437 4465">
    <p class='ocr_par' dir='ltr' id='par_1_2' title="bbox 186 376 1437 4465">
     <span class='ocr_line' id='line_1_2' title="bbox 202 376 1436 461; baseline 0 -18"><span class='ocrx_word' id='word_1_2' title='bbox 202 377 384 460; x_wconf 83' lang='lat' dir='ltr'>potatorum</span> <span class='ocrx_word' id='word_1_3' title='bbox 405 377 545 460; x_wconf 84' lang='lat' dir='ltr'>capitum</span> <span class='ocrx_word' id='word_1_4' title='bbox 570 376 776 443; x_wconf 80' lang='lat' dir='ltr'>offensionem</span> <span class='ocrx_word' id='word_1_5' title='bbox 803 380 998 445; x_wconf 82' lang='lat' dir='ltr'>obhtcraret</span> <span class='ocrx_word' id='word_1_6' title='bbox 1027 384 1166 461; x_wconf 64' lang='lat' dir='ltr'>augaur</span> <span class='ocrx_word' id='word_1_7' title='bbox 1193 379 1335 460; x_wconf 79' lang='lat' dir='ltr'>suspicio</span> <span class='ocrx_word' id='word_1_8' title='bbox 1361 396 1436 443; x_wconf 78' lang='lat' dir='ltr'>mm</span> 
     </span>
     <span class='ocr_line' id='line_1_3' title="bbox 203 488 1437 572; baseline -0.001 -18"><span class='ocrx_word' id='word_1_9' title='bbox 203 488 442 572; x_wconf 79' lang='lat' dir='ltr'>interpolatoris</span> <span class='ocrx_word' id='word_1_10' title='bbox 471 488 617 570; x_wconf 61' lang='grc' dir='ltr'>ιοεᾱςῆε</span> <span class='ocrx_word' id='word_1_11' title='bbox 646 490 744 571; x_wconf 86' lang='lat' dir='ltr'>capiti</span> <span class='ocrx_word' id='word_1_12' title='bbox 769 492 832 569; x_wconf 75' lang='lat' dir='ltr'>Lo,</span> <span class='ocrx_word' id='word_1_13' title='bbox 859 492 951 556; x_wconf 86' lang='lat' dir='ltr'>cuins</span> <span class='ocrx_word' id='word_1_14' title='bbox 979 491 1085 557; x_wconf 84' lang='lat' dir='ltr'>altera</span> <span class='ocrx_word' id='word_1_15' title='bbox 1112 491 1258 556; x_wconf 70' lang='lat' dir='ltr'>racundo</span> <span class='ocrx_word' id='word_1_16' title='bbox 1282 490 1318 554; x_wconf 91' lang='lat' dir='ltr'>in</span> <span class='ocrx_word' id='word_1_17' title='bbox 1344 507 1372 554; x_wconf 86' lang='lat' dir='ltr'>c</span> <span class='ocrx_word' id='word_1_18' title='bbox 1389 490 1437 553; x_wconf 91' lang='lat' dir='ltr'>LI</span> 
     </span>
     <span class='ocr_line' id='line_1_4' title="bbox 201 600 1437 683; baseline 0 -18"><span class='ocrx_word' id='word_1_19' title='bbox 201 600 301 680; x_wconf 82' lang='lat' dir='ltr'>inest,</span> <span class='ocrx_word' id='word_1_20' title='bbox 321 600 502 683; x_wconf 71' lang='lat' dir='ltr'>impressis,</span> <span class='ocrx_word' id='word_1_21' title='bbox 530 606 600 664; x_wconf 88' lang='lat' dir='ltr'>tum</span> <span class='ocrx_word' id='word_1_22' title='bbox 620 600 724 681; x_wconf 88' lang='lat' dir='ltr'>ipsius</span> <span class='ocrx_word' id='word_1_23' title='bbox 744 619 772 666; x_wconf 87' lang='lat' dir='ltr'>c</span> <span class='ocrx_word' id='word_1_24' title='bbox 788 603 833 666; x_wconf 94' lang='lat' dir='ltr'>LI</span> <span class='ocrx_word' id='word_1_25' title='bbox 853 604 1040 667; x_wconf 79' lang='lat' dir='ltr'>condicione</span> <span class='ocrx_word' id='word_1_26' title='bbox 1060 603 1256 682; x_wconf 75' lang='lat' dir='ltr'>miserrima,</span> <span class='ocrx_word' id='word_1_27' title='bbox 1284 619 1349 683; x_wconf 84' lang='lat' dir='ltr'>qua</span> <span class='ocrx_word' id='word_1_28' title='bbox 1368 601 1437 665; x_wconf 87' lang='lat' dir='ltr'>iarn</span> 
     </span>
     <span class='ocr_line' id='line_1_5' title="bbox 200 711 1437 796; baseline 0 -18"><span class='ocrx_word' id='word_1_29' title='bbox 200 713 339 779; x_wconf 84' lang='lat' dir='ltr'>Ioannes</span> <span class='ocrx_word' id='word_1_30' title='bbox 350 711 529 779; x_wconf 81' lang='lat' dir='ltr'>Scholierus</span> <span class='ocrx_word' id='word_1_31' title='bbox 545 711 773 792; x_wconf 68' lang='lat' dir='ltr'>adducebatur,</span> <span class='ocrx_word' id='word_1_32' title='bbox 792 720 833 777; x_wconf 89' lang='lat' dir='ltr'>nt</span> <span class='ocrx_word' id='word_1_33' title='bbox 846 733 987 795; x_wconf 74' lang='lat' dir='ltr'>pmnnm</span> <span class='ocrx_word' id='word_1_34' title='bbox 1001 733 1111 796; x_wconf 89' lang='lat' dir='ltr'>pauno</span> <span class='ocrx_word' id='word_1_35' title='bbox 1125 720 1273 779; x_wconf 81' lang='lat' dir='ltr'>assutam</span> <span class='ocrx_word' id='word_1_36' title='bbox 1287 713 1437 794; x_wconf 86' lang='lat' dir='ltr'>aspicere</span> 
     </span>
     <span class='ocr_line' id='line_1_6' title="bbox 202 823 1436 907; baseline 0.001 -20"><span class='ocrx_word' id='word_1_37' title='bbox 202 823 264 888; x_wconf 89' lang='lat' dir='ltr'>sibi</span> <span class='ocrx_word' id='word_1_38' title='bbox 282 823 455 889; x_wconf 79' lang='lat' dir='ltr'>videretur.</span> <span class='ocrx_word' id='word_1_39' title='bbox 475 829 655 905; x_wconf 83' lang='lat' dir='ltr'>postremo,</span> <span class='ocrx_word' id='word_1_40' title='bbox 676 829 715 887; x_wconf 88' lang='lat' dir='ltr'>ut</span> <span class='ocrx_word' id='word_1_41' title='bbox 732 825 923 904; x_wconf 83' lang='lat' dir='ltr'>persuaderi</span> <span class='ocrx_word' id='word_1_42' title='bbox 942 825 1036 890; x_wconf 90' lang='lat' dir='ltr'>nobis</span> <span class='ocrx_word' id='word_1_43' title='bbox 1055 826 1218 907; x_wconf 86' lang='lat' dir='ltr'>patiamur</span> <span class='ocrx_word' id='word_1_44' title='bbox 1236 843 1265 888; x_wconf 85' lang='lat' dir='ltr'>c</span> <span class='ocrx_word' id='word_1_45' title='bbox 1281 824 1436 888; x_wconf 85' lang='lat' dir='ltr'>XLVIIII</span> 
     </span>
     <span class='ocr_line' id='line_1_7' title="bbox 201 934 1435 1015; baseline 0.001 -17"><span class='ocrx_word' id='word_1_46' title='bbox 201 935 253 1014; x_wconf 81' lang='lat' dir='ltr'>[L]</span> <span class='ocrx_word' id='word_1_47' title='bbox 276 934 320 998; x_wconf 92' lang='lat' dir='ltr'>LI</span> <span class='ocrx_word' id='word_1_48' title='bbox 341 954 399 1000; x_wconf 89' lang='lat' dir='ltr'>suo</span> <span class='ocrx_word' id='word_1_49' title='bbox 419 935 491 1000; x_wconf 89' lang='lat' dir='ltr'>loco</span> <span class='ocrx_word' id='word_1_50' title='bbox 510 934 588 1000; x_wconf 89' lang='lat' dir='ltr'>ferri</span> <span class='ocrx_word' id='word_1_51' title='bbox 603 952 711 1015; x_wconf 74' lang='lat' dir='ltr'>posse,</span> <span class='ocrx_word' id='word_1_52' title='bbox 731 937 891 1015; x_wconf 88' lang='lat' dir='ltr'>quomodo</span> <span class='ocrx_word' id='word_1_53' title='bbox 912 954 984 1000; x_wconf 80' lang='lat' dir='ltr'>nnn</span> <span class='ocrx_word' id='word_1_54' title='bbox 1003 936 1045 1000; x_wconf 90' lang='lat' dir='ltr'>iis</span> <span class='ocrx_word' id='word_1_55' title='bbox 1064 935 1304 1000; x_wconf 68' lang='lat' dir='ltr'>conciliabimus</span> <span class='ocrx_word' id='word_1_56' title='bbox 1318 934 1435 999; x_wconf 88' lang='lat' dir='ltr'>LXIII</span> 
     </span>
     <span class='ocr_line' id='line_1_8' title="bbox 200 1046 1434 1128; baseline 0.002 -19"><span class='ocrx_word' id='word_1_57' title='bbox 200 1046 254 1110; x_wconf 93' lang='lat' dir='ltr'>IV.</span> <span class='ocrx_word' id='word_1_58' title='bbox 275 1047 364 1111; x_wconf 88' lang='lat' dir='ltr'>LVII</span> <span class='ocrx_word' id='word_1_59' title='bbox 385 1052 419 1113; x_wconf 87' lang='lat' dir='ltr'>ct</span> <span class='ocrx_word' id='word_1_60' title='bbox 439 1047 499 1112; x_wconf 85' lang='lat' dir='ltr'>Lai</span> <span class='ocrx_word' id='word_1_61' title='bbox 519 1046 661 1110; x_wconf 84' lang='lat' dir='ltr'>fabulam</span> <span class='ocrx_word' id='word_1_62' title='bbox 687 1046 832 1127; x_wconf 78' lang='lat' dir='ltr'><strong>proxime</strong></span> <span class='ocrx_word' id='word_1_63' title='bbox 860 1047 1131 1128; x_wconf 74' lang='lat' dir='ltr'>subsequentem?</span> <span class='ocrx_word' id='word_1_64' title='bbox 1161 1047 1204 1110; x_wconf 88' lang='lat' dir='ltr'>ad</span> <span class='ocrx_word' id='word_1_65' title='bbox 1231 1047 1316 1111; x_wconf 85' lang='lat' dir='ltr'>hanc</span> <span class='ocrx_word' id='word_1_66' title='bbox 1334 1064 1434 1128; x_wconf 82' lang='lat' dir='ltr'>quae·</span> 
     </span>
     <span class='ocr_line' id='line_1_9' title="bbox 200 1156 1434 1240; baseline 0 -18"><span class='ocrx_word' id='word_1_67' title='bbox 200 1156 336 1222; x_wconf 86' lang='lat' dir='ltr'>stioncm</span> <span class='ocrx_word' id='word_1_68' title='bbox 358 1163 395 1222; x_wconf 89' lang='lat' dir='ltr'>ut</span> <span class='ocrx_word' id='word_1_69' title='bbox 415 1177 500 1240; x_wconf 80' lang='lat' dir='ltr'>nego</span> <span class='ocrx_word' id='word_1_70' title='bbox 521 1157 762 1238; x_wconf 70' lang='lat' dir='ltr'>responsionem</span> <span class='ocrx_word' id='word_1_71' title='bbox 789 1176 864 1223; x_wconf 89' lang='lat' dir='ltr'>esse</span> <span class='ocrx_word' id='word_1_72' title='bbox 884 1158 917 1222; x_wconf 94' lang='lat' dir='ltr'>in</span> <span class='ocrx_word' id='word_1_73' title='bbox 938 1164 1103 1240; x_wconf 81' lang='lat' dir='ltr'>promptu,</span> <span class='ocrx_word' id='word_1_74' title='bbox 1130 1157 1179 1222; x_wconf 85' lang='lat' dir='ltr'>ita</span> <span class='ocrx_word' id='word_1_75' title='bbox 1200 1177 1242 1222; x_wconf 91' lang='lat' dir='ltr'>ne</span> <span class='ocrx_word' id='word_1_76' title='bbox 1265 1158 1434 1222; x_wconf 85' lang='lat' dir='ltr'>levissima</span> 
     </span>
     <span class='ocr_line' id='line_1_10' title="bbox 198 1267 1433 1352; baseline 0.001 -19"><span class='ocrx_word' id='word_1_77' title='bbox 198 1268 327 1351; x_wconf 83' lang='lat' dir='ltr'>quidem</span> <span class='ocrx_word' id='word_1_78' title='bbox 341 1274 518 1352; x_wconf 81' lang='lat' dir='ltr'>snppeurnt</span> <span class='ocrx_word' id='word_1_79' title='bbox 531 1274 729 1350; x_wconf 73' lang='lat' dir='ltr'>argumenta,</span> <span class='ocrx_word' id='word_1_80' title='bbox 749 1268 865 1350; x_wconf 83' lang='lat' dir='ltr'>quibus</span> <span class='ocrx_word' id='word_1_81' title='bbox 881 1275 1028 1350; x_wconf 67' lang='lat' dir='ltr'>quarum</span> <span class='ocrx_word' id='word_1_82' title='bbox 1044 1269 1133 1333; x_wconf 88' lang='lat' dir='ltr'>illam</span> <span class='ocrx_word' id='word_1_83' title='bbox 1145 1267 1326 1334; x_wconf 88' lang='lat' dir='ltr'>fabularum</span> <span class='ocrx_word' id='word_1_84' title='bbox 1338 1269 1433 1334; x_wconf 81' lang='lat' dir='ltr'>fami·</span> 
     </span>
     <span class='ocr_line' id='line_1_11' title="bbox 197 1379 1431 1462; baseline 0.001 -17"><span class='ocrx_word' id='word_1_85' title='bbox 197 1379 274 1445; x_wconf 84' lang='lat' dir='ltr'>liam</span> <span class='ocrx_word' id='word_1_86' title='bbox 295 1381 437 1462; x_wconf 90' lang='lat' dir='ltr'>spuriam</span> <span class='ocrx_word' id='word_1_87' title='bbox 458 1398 533 1445; x_wconf 90' lang='lat' dir='ltr'>csse</span> <span class='ocrx_word' id='word_1_88' title='bbox 558 1379 660 1444; x_wconf 87' lang='lat' dir='ltr'>evinci</span> <span class='ocrx_word' id='word_1_89' title='bbox 681 1380 795 1461; x_wconf 86' lang='lat' dir='ltr'>possit</span> <span class='ocrx_word' id='word_1_90' title='bbox 823 1379 888 1444; x_wconf 89' lang='lat' dir='ltr'>imo</span> <span class='ocrx_word' id='word_1_91' title='bbox 908 1379 1106 1461; x_wconf 70' lang='lat' dir='ltr'>proferemus</span> <span class='ocrx_word' id='word_1_92' title='bbox 1132 1397 1216 1461; x_wconf 84' lang='lat' dir='ltr'>quae</span> <span class='ocrx_word' id='word_1_93' title='bbox 1236 1381 1431 1446; x_wconf 86' lang='lat' dir='ltr'>contrarium</span> 
     </span>
     <span class='ocr_line' id='line_1_12' title="bbox 198 1490 1432 1572; baseline -0.001 -15"><span class='ocrx_word' id='word_1_94' title='bbox 198 1492 333 1557; x_wconf 87' lang='lat' dir='ltr'>edocere</span> <span class='ocrx_word' id='word_1_95' title='bbox 355 1491 534 1556; x_wconf 86' lang='lat' dir='ltr'>videantur.</span> <span class='ocrx_word' id='word_1_96' title='bbox 554 1490 691 1572; x_wconf 88' lang='lat' dir='ltr'>primum</span> <span class='ocrx_word' id='word_1_97' title='bbox 716 1490 800 1556; x_wconf 90' lang='lat' dir='ltr'>enim</span> <span class='ocrx_word' id='word_1_98' title='bbox 822 1508 849 1554; x_wconf 87' lang='lat' dir='ltr'>c</span> <span class='ocrx_word' id='word_1_99' title='bbox 865 1491 981 1556; x_wconf 80' lang='lat' dir='ltr'>CLVII</span> <span class='ocrx_word' id='word_1_100' title='bbox 1001 1498 1037 1556; x_wconf 87' lang='lat' dir='ltr'>et</span> <span class='ocrx_word' id='word_1_101' title='bbox 1056 1490 1213 1555; x_wconf 85' lang='lat' dir='ltr'>OCXLIII</span> <span class='ocrx_word' id='word_1_102' title='bbox 1233 1493 1277 1556; x_wconf 89' lang='lat' dir='ltr'>ad</span> <span class='ocrx_word' id='word_1_103' title='bbox 1297 1510 1324 1556; x_wconf 83' lang='lat' dir='ltr'>c</span> <span class='ocrx_word' id='word_1_104' title='bbox 1340 1492 1432 1556; x_wconf 83' lang='lat' dir='ltr'>LVII</span> 
     </span>
     <span class='ocr_line' id='line_1_13' title="bbox 197 1601 1432 1686; baseline 0 -19"><span class='ocrx_word' id='word_1_105' title='bbox 197 1609 311 1685; x_wconf 86' lang='lat' dir='ltr'>aperte</span> <span class='ocrx_word' id='word_1_106' title='bbox 331 1601 516 1684; x_wconf 69' lang='lat' dir='ltr'>respiciunt,</span> <span class='ocrx_word' id='word_1_107' title='bbox 538 1601 655 1666; x_wconf 71' lang='lat' dir='ltr'>dmude</span> <span class='ocrx_word' id='word_1_108' title='bbox 673 1602 761 1683; x_wconf 85' lang='lat' dir='ltr'>quod</span> <span class='ocrx_word' id='word_1_109' title='bbox 775 1601 963 1666; x_wconf 74' lang='lat' dir='ltr'>Chimaerae</span> <span class='ocrx_word' id='word_1_110' title='bbox 979 1603 1011 1667; x_wconf 92' lang='lat' dir='ltr'>in</span> <span class='ocrx_word' id='word_1_111' title='bbox 1027 1603 1132 1686; x_wconf 86' lang='lat' dir='ltr'>prima</span> <span class='ocrx_word' id='word_1_112' title='bbox 1147 1603 1220 1667; x_wconf 87' lang='lat' dir='ltr'><strong>libri</strong></span> <span class='ocrx_word' id='word_1_113' title='bbox 1236 1610 1330 1684; x_wconf 85' lang='lat' dir='ltr'>parte</span> <span class='ocrx_word' id='word_1_114' title='bbox 1345 1621 1432 1667; x_wconf 87' lang='lat' dir='ltr'>conr·</span> 
     </span>
     <span class='ocr_line' id='line_1_14' title="bbox 196 1710 1432 1791; baseline 0 -13"><span class='ocrx_word' id='word_1_115' title='bbox 196 1713 383 1778; x_wconf 86' lang='lat' dir='ltr'>memoratio</span> <span class='ocrx_word' id='word_1_116' title='bbox 403 1710 456 1791; x_wconf 88' lang='lat' dir='ltr'>lit,</span> <span class='ocrx_word' id='word_1_117' title='bbox 484 1718 734 1777; x_wconf 89' lang='lat' dir='ltr'>consentaneum</span> <span class='ocrx_word' id='word_1_118' title='bbox 755 1718 822 1791; x_wconf 85' lang='lat' dir='ltr'>est,</span> <span class='ocrx_word' id='word_1_119' title='bbox 849 1712 991 1778; x_wconf 82' lang='lat' dir='ltr'>tabulam</span> <span class='ocrx_word' id='word_1_120' title='bbox 1012 1713 1250 1778; x_wconf 75' lang='lat' dir='ltr'>celeberrimam</span> <span class='ocrx_word' id='word_1_121' title='bbox 1270 1715 1304 1778; x_wconf 89' lang='lat' dir='ltr'>in</span> <span class='ocrx_word' id='word_1_122' title='bbox 1326 1713 1432 1778; x_wconf 86' lang='lat' dir='ltr'>altera</span> 
     </span>
     <span class='ocr_line' id='line_1_15' title="bbox 196 1822 1430 1906; baseline 0.001 -18"><span class='ocrx_word' id='word_1_123' title='bbox 196 1829 290 1906; x_wconf 81' lang='lat' dir='ltr'>parte</span> <span class='ocrx_word' id='word_1_124' title='bbox 308 1822 412 1888; x_wconf 84' lang='lat' dir='ltr'>fusius</span> <span class='ocrx_word' id='word_1_125' title='bbox 428 1823 554 1905; x_wconf 81' lang='lat' dir='ltr'>exponi,</span> <span class='ocrx_word' id='word_1_126' title='bbox 573 1823 671 1888; x_wconf 89' lang='lat' dir='ltr'>tertio</span> <span class='ocrx_word' id='word_1_127' title='bbox 686 1841 760 1887; x_wconf 91' lang='lat' dir='ltr'>eum</span> <span class='ocrx_word' id='word_1_128' title='bbox 783 1823 839 1905; x_wconf 85' lang='lat' dir='ltr'>qni</span> <span class='ocrx_word' id='word_1_129' title='bbox 854 1823 1042 1889; x_wconf 86' lang='lat' dir='ltr'>OCLXXIII</span> <span class='ocrx_word' id='word_1_130' title='bbox 1058 1824 1189 1906; x_wconf 76' lang='lat' dir='ltr'>scripsit</span> <span class='ocrx_word' id='word_1_131' title='bbox 1208 1825 1306 1889; x_wconf 90' lang='lat' dir='ltr'>etiam</span> <span class='ocrx_word' id='word_1_132' title='bbox 1321 1824 1430 1889; x_wconf 88' lang='lat' dir='ltr'>LXIII</span> 
     </span>
     <span class='ocr_line' id='line_1_16' title="bbox 196 1933 1429 2017; baseline 0.002 -17"><span class='ocrx_word' id='word_1_133' title='bbox 196 1935 388 2017; x_wconf 88' lang='lat' dir='ltr'>apposuisse</span> <span class='ocrx_word' id='word_1_134' title='bbox 402 1940 461 1998; x_wconf 87' lang='lat' dir='ltr'>aut</span> <span class='ocrx_word' id='word_1_135' title='bbox 474 1933 574 1999; x_wconf 77' lang='lat' dir='ltr'>oculis</span> <span class='ocrx_word' id='word_1_136' title='bbox 589 1953 766 2015; x_wconf 84' lang='lat' dir='ltr'>usurpasse</span> <span class='ocrx_word' id='word_1_137' title='bbox 779 1933 888 2017; x_wconf 87' lang='lat' dir='ltr'>palam</span> <span class='ocrx_word' id='word_1_138' title='bbox 902 1942 962 2014; x_wconf 77' lang='lat' dir='ltr'>est,</span> <span class='ocrx_word' id='word_1_139' title='bbox 983 1935 1121 2016; x_wconf 91' lang='lat' dir='ltr'>denique</span> <span class='ocrx_word' id='word_1_140' title='bbox 1135 1954 1154 2000; x_wconf 92' lang='lat' dir='ltr'>e</span> <span class='ocrx_word' id='word_1_141' title='bbox 1168 1953 1195 2000; x_wconf 83' lang='lat' dir='ltr'>c</span> <span class='ocrx_word' id='word_1_142' title='bbox 1211 1936 1373 2016; x_wconf 68' lang='lat' dir='ltr'>ccxciv,</span> <span class='ocrx_word' id='word_1_143' title='bbox 1394 1937 1429 2001; x_wconf 93' lang='lat' dir='ltr'>in</span> 
     </span>
     <span class='ocr_line' id='line_1_17' title="bbox 196 2045 1430 2129; baseline 0.002 -19"><span class='ocrx_word' id='word_1_144' title='bbox 196 2063 259 2127; x_wconf 82' lang='lat' dir='ltr'>quo</span> <span class='ocrx_word' id='word_1_145' title='bbox 270 2046 502 2127; x_wconf 82' lang='lat' dir='ltr'>llegapcnthes</span> <span class='ocrx_word' id='word_1_146' title='bbox 513 2045 624 2111; x_wconf 88' lang='lat' dir='ltr'>Persei</span> <span class='ocrx_word' id='word_1_147' title='bbox 638 2064 760 2127; x_wconf 87' lang='lat' dir='ltr'>poenas</span> <span class='ocrx_word' id='word_1_148' title='bbox 775 2051 929 2110; x_wconf 84' lang='lat' dir='ltr'>executus</span> <span class='ocrx_word' id='word_1_149' title='bbox 943 2065 1017 2111; x_wconf 90' lang='lat' dir='ltr'>esse</span> <span class='ocrx_word' id='word_1_150' title='bbox 1030 2048 1178 2129; x_wconf 68' lang='lat' dir='ltr'>hodium</span> <span class='ocrx_word' id='word_1_151' title='bbox 1198 2053 1233 2112; x_wconf 90' lang='lat' dir='ltr'>et</span> <span class='ocrx_word' id='word_1_152' title='bbox 1246 2047 1430 2113; x_wconf 83' lang='lat' dir='ltr'>OCLXXVI</span> 
     </span>
     <span class='ocr_line' id='line_1_18' title="bbox 195 2156 1430 2241; baseline 0 -18"><span class='ocrx_word' id='word_1_153' title='bbox 195 2177 258 2241; x_wconf 89' lang='lat' dir='ltr'>quo</span> <span class='ocrx_word' id='word_1_154' title='bbox 276 2157 439 2223; x_wconf 85' lang='lat' dir='ltr'>Perscidia</span> <span class='ocrx_word' id='word_1_155' title='bbox 460 2156 530 2221; x_wconf 79' lang='lat' dir='ltr'>sive</span> <span class='ocrx_word' id='word_1_156' title='bbox 544 2156 673 2222; x_wconf 87' lang='lat' dir='ltr'>llideae</span> <span class='ocrx_word' id='word_1_157' title='bbox 692 2157 811 2222; x_wconf 90' lang='lat' dir='ltr'>mentio</span> <span class='ocrx_word' id='word_1_158' title='bbox 832 2157 871 2222; x_wconf 89' lang='lat' dir='ltr'>fit</span> <span class='ocrx_word' id='word_1_159' title='bbox 890 2159 1001 2241; x_wconf 85' lang='lat' dir='ltr'><strong>oppidi</strong></span> <span class='ocrx_word' id='word_1_160' title='bbox 1015 2159 1134 2225; x_wconf 90' lang='lat' dir='ltr'>Perseo</span> <span class='ocrx_word' id='word_1_161' title='bbox 1155 2159 1321 2224; x_wconf 89' lang='lat' dir='ltr'>conditore</span> <span class='ocrx_word' id='word_1_162' title='bbox 1341 2159 1430 2240; x_wconf 82' lang='lat' dir='ltr'>clari,</span> 
     </span>
     <span class='ocr_line' id='line_1_19' title="bbox 196 2267 1431 2351; baseline 0 -16"><span class='ocrx_word' id='word_1_163' title='bbox 196 2269 280 2335; x_wconf 86' lang='lat' dir='ltr'>effici</span> <span class='ocrx_word' id='word_1_164' title='bbox 295 2268 446 2351; x_wconf 88' lang='lat' dir='ltr'>opineris,</span> <span class='ocrx_word' id='word_1_165' title='bbox 467 2273 505 2332; x_wconf 89' lang='lat' dir='ltr'>ut</span> <span class='ocrx_word' id='word_1_166' title='bbox 519 2267 553 2331; x_wconf 92' lang='lat' dir='ltr'>in</span> <span class='ocrx_word' id='word_1_167' title='bbox 567 2267 722 2349; x_wconf 87' lang='lat' dir='ltr'>opusculo</span> <span class='ocrx_word' id='word_1_168' title='bbox 735 2267 864 2350; x_wconf 81' lang='lat' dir='ltr'>HygIni,</span> <span class='ocrx_word' id='word_1_169' title='bbox 886 2269 962 2334; x_wconf 92' lang='lat' dir='ltr'>dum</span> <span class='ocrx_word' id='word_1_170' title='bbox 975 2270 1137 2351; x_wconf 85' lang='lat' dir='ltr'>integrum</span> <span class='ocrx_word' id='word_1_171' title='bbox 1154 2278 1235 2350; x_wconf 67' lang='lat' dir='ltr'>erat,</span> <span class='ocrx_word' id='word_1_172' title='bbox 1256 2271 1298 2334; x_wconf 89' lang='lat' dir='ltr'>de</span> <span class='ocrx_word' id='word_1_173' title='bbox 1313 2270 1431 2335; x_wconf 87' lang='lat' dir='ltr'>Acrisii</span> 
     </span>
     <span class='ocr_line' id='line_1_20' title="bbox 196 2378 1429 2464; baseline -0.001 -17"><span class='ocrx_word' id='word_1_174' title='bbox 196 2381 367 2464; x_wconf 88' lang='lat' dir='ltr'>Proetique</span> <span class='ocrx_word' id='word_1_175' title='bbox 387 2379 527 2462; x_wconf 85' lang='lat' dir='ltr'>posteris</span> <span class='ocrx_word' id='word_1_176' title='bbox 555 2378 650 2460; x_wconf 89' lang='lat' dir='ltr'>plura</span> <span class='ocrx_word' id='word_1_177' title='bbox 677 2379 790 2444; x_wconf 85' lang='lat' dir='ltr'>addita</span> <span class='ocrx_word' id='word_1_178' title='bbox 815 2379 935 2445; x_wconf 85' lang='lat' dir='ltr'>fuerint</span> <span class='ocrx_word' id='word_1_179' title='bbox 959 2381 1001 2446; x_wconf 89' lang='lat' dir='ltr'>iis</span> <span class='ocrx_word' id='word_1_180' title='bbox 1027 2399 1111 2462; x_wconf 89' lang='lat' dir='ltr'>quae</span> <span class='ocrx_word' id='word_1_181' title='bbox 1132 2399 1216 2446; x_wconf 88' lang='lat' dir='ltr'>nunc</span> <span class='ocrx_word' id='word_1_182' title='bbox 1239 2380 1342 2446; x_wconf 88' lang='lat' dir='ltr'>tribus</span> <span class='ocrx_word' id='word_1_183' title='bbox 1361 2380 1429 2447; x_wconf 87' lang='lat' dir='ltr'>illis</span> 
     </span>
     <span class='ocr_line' id='line_1_21' title="bbox 195 2490 1428 2576; baseline -0.002 -17"><span class='ocrx_word' id='word_1_184' title='bbox 195 2493 352 2576; x_wconf 80' lang='lat' dir='ltr'>capitibus</span> <span class='ocrx_word' id='word_1_185' title='bbox 373 2492 505 2575; x_wconf 80' lang='lat' dir='ltr'>(LXIII</span> <span class='ocrx_word' id='word_1_186' title='bbox 519 2490 630 2556; x_wconf 86' lang='lat' dir='ltr'>LXIV.</span> <span class='ocrx_word' id='word_1_187' title='bbox 647 2491 751 2573; x_wconf 88' lang='lat' dir='ltr'>LVII)</span> <span class='ocrx_word' id='word_1_188' title='bbox 768 2496 908 2558; x_wconf 73' lang='lat' dir='ltr'>maan</span> <span class='ocrx_word' id='word_1_189' title='bbox 920 2492 1072 2558; x_wconf 83' lang='lat' dir='ltr'>tolerunt</span> <span class='ocrx_word' id='word_1_190' title='bbox 1114 2493 1204 2557; x_wconf 88' lang='lat' dir='ltr'>Haec</span> <span class='ocrx_word' id='word_1_191' title='bbox 1218 2492 1318 2573; x_wconf 80' lang='lat' dir='ltr'>igitur</span> <span class='ocrx_word' id='word_1_192' title='bbox 1332 2510 1428 2572; x_wconf 82' lang='lat' dir='ltr'>argu·</span> 
     </span>
     <span class='ocr_line' id='line_1_22' title="bbox 194 2601 1427 2686; baseline -0.003 -15"><span class='ocrx_word' id='word_1_193' title='bbox 194 2614 305 2672; x_wconf 88' lang='lat' dir='ltr'>menta</span> <span class='ocrx_word' id='word_1_194' title='bbox 328 2604 492 2686; x_wconf 90' lang='lat' dir='ltr'>reputanti</span> <span class='ocrx_word' id='word_1_195' title='bbox 519 2601 612 2683; x_wconf 85' lang='lat' dir='ltr'>mihi,</span> <span class='ocrx_word' id='word_1_196' title='bbox 642 2601 705 2666; x_wconf 92' lang='lat' dir='ltr'>nisi</span> <span class='ocrx_word' id='word_1_197' title='bbox 732 2602 804 2683; x_wconf 88' lang='lat' dir='ltr'>quis</span> <span class='ocrx_word' id='word_1_198' title='bbox 825 2609 981 2669; x_wconf 82' lang='lat' dir='ltr'>tmemata</span> <span class='ocrx_word' id='word_1_199' title='bbox 1000 2605 1052 2668; x_wconf 88' lang='grc'>49.</span> <span class='ocrx_word' id='word_1_200' title='bbox 1073 2605 1126 2668; x_wconf 82' lang='lat' dir='ltr'>bl.</span> <span class='ocrx_word' id='word_1_201' title='bbox 1147 2605 1199 2669; x_wconf 85' lang='grc'>63.</span> <span class='ocrx_word' id='word_1_202' title='bbox 1219 2605 1270 2668; x_wconf 65' lang='grc'>64</span> <span class='ocrx_word' id='word_1_203' title='bbox 1291 2604 1333 2667; x_wconf 80' lang='lat' dir='ltr'>bl</span> <span class='ocrx_word' id='word_1_204' title='bbox 1355 2603 1427 2667; x_wconf 93' lang='lat' dir='ltr'>loco</span> 
     </span>
     <span class='ocr_line' id='line_1_23' title="bbox 194 2714 1426 2797; baseline -0.002 -15"><span class='ocrx_word' id='word_1_205' title='bbox 194 2720 348 2783; x_wconf 86' lang='lat' dir='ltr'>consueto</span> <span class='ocrx_word' id='word_1_206' title='bbox 363 2714 440 2780; x_wconf 91' lang='lat' dir='ltr'>ferri</span> <span class='ocrx_word' id='word_1_207' title='bbox 456 2733 555 2797; x_wconf 88' lang='lat' dir='ltr'>posse</span> <span class='ocrx_word' id='word_1_208' title='bbox 575 2718 730 2793; x_wconf 66' lang='lat' dir='ltr'>achimei,</span> <span class='ocrx_word' id='word_1_209' title='bbox 750 2732 817 2779; x_wconf 91' lang='lat' dir='ltr'>una</span> <span class='ocrx_word' id='word_1_210' title='bbox 836 2715 973 2797; x_wconf 86' lang='lat' dir='ltr'>relinqui</span> <span class='ocrx_word' id='word_1_211' title='bbox 993 2715 1120 2780; x_wconf 80' lang='lat' dir='ltr'>videtur</span> <span class='ocrx_word' id='word_1_212' title='bbox 1139 2715 1201 2795; x_wconf 76' lang='lat' dir='ltr'>via,</span> <span class='ocrx_word' id='word_1_213' title='bbox 1222 2720 1259 2779; x_wconf 86' lang='lat' dir='ltr'>ut</span> <span class='ocrx_word' id='word_1_214' title='bbox 1279 2732 1373 2796; x_wconf 88' lang='lat' dir='ltr'>quem</span> <span class='ocrx_word' id='word_1_215' title='bbox 1391 2714 1426 2780; x_wconf 92' lang='lat' dir='ltr'>in</span> 
     </span>
     <span class='ocr_line' id='line_1_24' title="bbox 193 2823 1426 2908; baseline -0.002 -15"><span class='ocrx_word' id='word_1_216' title='bbox 193 2829 298 2894; x_wconf 88' lang='lat' dir='ltr'>locum</span> <span class='ocrx_word' id='word_1_217' title='bbox 311 2826 448 2891; x_wconf 67' lang='lat' dir='ltr'>coiecta</span> <span class='ocrx_word' id='word_1_218' title='bbox 462 2825 531 2890; x_wconf 92' lang='lat' dir='ltr'>sine</span> <span class='ocrx_word' id='word_1_219' title='bbox 546 2823 669 2889; x_wconf 80' lang='lat' dir='ltr'>offensa</span> <span class='ocrx_word' id='word_1_220' title='bbox 680 2826 868 2906; x_wconf 79' lang='lat' dir='ltr'>apparitura</span> <span class='ocrx_word' id='word_1_221' title='bbox 881 2826 948 2890; x_wconf 86' lang='lat' dir='ltr'>siut</span> <span class='ocrx_word' id='word_1_222' title='bbox 961 2827 1201 2908; x_wconf 81' lang='lat' dir='ltr'>investigemus</span> <span class='ocrx_word' id='word_1_223' title='bbox 1223 2845 1263 2892; x_wconf 88' lang='lat' dir='ltr'>ac</span> <span class='ocrx_word' id='word_1_224' title='bbox 1274 2826 1426 2907; x_wconf 88' lang='lat' dir='ltr'>locorum,</span> 
     </span>
     <span class='ocr_line' id='line_1_25' title="bbox 193 2934 1425 3022; baseline -0.002 -18"><span class='ocrx_word' id='word_1_225' title='bbox 193 2939 248 3022; x_wconf 90' lang='lat' dir='ltr'>qui</span> <span class='ocrx_word' id='word_1_226' title='bbox 269 2939 331 3004; x_wconf 91' lang='lat' dir='ltr'>huc</span> <span class='ocrx_word' id='word_1_227' title='bbox 346 2938 380 3003; x_wconf 95' lang='lat' dir='ltr'>in</span> <span class='ocrx_word' id='word_1_228' title='bbox 402 2954 532 3001; x_wconf 84' lang='lat' dir='ltr'>censum</span> <span class='ocrx_word' id='word_1_229' title='bbox 553 2934 663 2999; x_wconf 82' lang='lat' dir='ltr'>venhe</span> <span class='ocrx_word' id='word_1_230' title='bbox 682 2942 836 3017; x_wconf 84' lang='lat' dir='ltr'>possunt,</span> <span class='ocrx_word' id='word_1_231' title='bbox 864 2937 945 3002; x_wconf 88' lang='lat' dir='ltr'>alter</span> <span class='ocrx_word' id='word_1_232' title='bbox 968 2939 1066 3020; x_wconf 88' lang='lat' dir='ltr'>capiti</span> <span class='ocrx_word' id='word_1_233' title='bbox 1080 2939 1193 3005; x_wconf 85' lang='lat' dir='ltr'>CLXX</span> <span class='ocrx_word' id='word_1_234' title='bbox 1215 2937 1299 3003; x_wconf 89' lang='lat' dir='ltr'>foret</span> <span class='ocrx_word' id='word_1_235' title='bbox 1321 2937 1425 3002; x_wconf 89' lang='lat' dir='ltr'>conti·</span> 
     </span>
     <span class='ocr_line' id='line_1_26' title="bbox 193 3044 1423 3134; baseline -0.002 -18"><span class='ocrx_word' id='word_1_236' title='bbox 193 3069 286 3134; x_wconf 82' lang='lat' dir='ltr'>gaus,</span> <span class='ocrx_word' id='word_1_237' title='bbox 307 3049 361 3132; x_wconf 89' lang='lat' dir='ltr'>qni</span> <span class='ocrx_word' id='word_1_238' title='bbox 379 3066 450 3113; x_wconf 89' lang='lat' dir='ltr'>cum</span> <span class='ocrx_word' id='word_1_239' title='bbox 467 3047 549 3112; x_wconf 84' lang='lat' dir='ltr'>satis</span> <span class='ocrx_word' id='word_1_240' title='bbox 566 3044 694 3128; x_wconf 89' lang='lat' dir='ltr'>quidem</span> <span class='ocrx_word' id='word_1_241' title='bbox 713 3051 809 3127; x_wconf 89' lang='lat' dir='ltr'>aptus</span> <span class='ocrx_word' id='word_1_242' title='bbox 824 3046 868 3112; x_wconf 86' lang='lat' dir='ltr'>sit</span> <span class='ocrx_word' id='word_1_243' title='bbox 879 3048 919 3130; x_wconf 62' lang='grc' dir='ltr'>ἓξ</span> <span class='ocrx_word' id='word_1_244' title='bbox 936 3049 1052 3114; x_wconf 86' lang='lat' dir='ltr'>LXIH.</span> <span class='ocrx_word' id='word_1_245' title='bbox 1071 3049 1126 3114; x_wconf 89' lang='lat' dir='ltr'>IV.</span> <span class='ocrx_word' id='word_1_246' title='bbox 1143 3049 1241 3128; x_wconf 84' lang='lat' dir='ltr'>LVII,</span> <span class='ocrx_word' id='word_1_247' title='bbox 1262 3048 1423 3130; x_wconf 86' lang='lat' dir='ltr'>capitibus</span> 
     </span>
     <span class='ocr_line' id='line_1_27' title="bbox 192 3156 1423 3242; baseline -0.002 -15"><span class='ocrx_word' id='word_1_248' title='bbox 192 3168 299 3227; x_wconf 84' lang='lat' dir='ltr'>autem</span> <span class='ocrx_word' id='word_1_249' title='bbox 320 3159 482 3225; x_wconf 89' lang='lat' dir='ltr'>XLVIIII.</span> <span class='ocrx_word' id='word_1_250' title='bbox 501 3158 546 3222; x_wconf 93' lang='lat' dir='ltr'>LI</span> <span class='ocrx_word' id='word_1_251' title='bbox 570 3156 803 3238; x_wconf 79' lang='lat' dir='ltr'>iniquissImus,</span> <span class='ocrx_word' id='word_1_252' title='bbox 833 3157 969 3224; x_wconf 83' lang='lat' dir='ltr'>feliciter</span> <span class='ocrx_word' id='word_1_253' title='bbox 989 3159 1119 3240; x_wconf 80' lang='lat' dir='ltr'>accidit,</span> <span class='ocrx_word' id='word_1_254' title='bbox 1141 3160 1227 3242; x_wconf 88' lang='lat' dir='ltr'>qnod</span> <span class='ocrx_word' id='word_1_255' title='bbox 1248 3159 1345 3240; x_wconf 83' lang='lat' dir='ltr'>alter,</span> <span class='ocrx_word' id='word_1_256' title='bbox 1367 3160 1423 3241; x_wconf 89' lang='lat' dir='ltr'>qui</span> 
     </span>
     <span class='ocr_line' id='line_1_28' title="bbox 190 3267 1419 3358; baseline -0.004 -19"><span class='ocrx_word' id='word_1_257' title='bbox 190 3273 230 3358; x_wconf 62' lang='grc' dir='ltr'>ἕξ</span> <span class='ocrx_word' id='word_1_258' title='bbox 248 3273 387 3338; x_wconf 86' lang='lat' dir='ltr'>XXVIII</span> <span class='ocrx_word' id='word_1_259' title='bbox 410 3277 444 3335; x_wconf 89' lang='lat' dir='ltr'>et</span> <span class='ocrx_word' id='word_1_260' title='bbox 462 3269 566 3334; x_wconf 90' lang='lat' dir='ltr'>XXIX</span> <span class='ocrx_word' id='word_1_261' title='bbox 589 3267 870 3351; x_wconf 73' lang='lat' dir='ltr'>cummscnbimr,</span> <span class='ocrx_word' id='word_1_262' title='bbox 895 3271 1044 3353; x_wconf 89' lang='lat' dir='ltr'>utrinque</span> <span class='ocrx_word' id='word_1_263' title='bbox 1059 3270 1239 3336; x_wconf 88' lang='lat' dir='ltr'>fabularum</span> <span class='ocrx_word' id='word_1_264' title='bbox 1264 3270 1306 3334; x_wconf 86' lang='lat' dir='ltr'>ad</span> <span class='ocrx_word' id='word_1_265' title='bbox 1324 3288 1419 3350; x_wconf 85' lang='lat' dir='ltr'>argu-</span> 
     </span>
     <span class='ocr_line' id='line_1_29' title="bbox 190 3379 1422 3466; baseline -0.004 -15"><span class='ocrx_word' id='word_1_266' title='bbox 190 3391 332 3451; x_wconf 78' lang='lat' dir='ltr'>mentum</span> <span class='ocrx_word' id='word_1_267' title='bbox 349 3383 597 3466; x_wconf 88' lang='lat' dir='ltr'>propinquarum</span> <span class='ocrx_word' id='word_1_268' title='bbox 612 3379 729 3444; x_wconf 75' lang='lat' dir='ltr'>ncinia</span> <span class='ocrx_word' id='word_1_269' title='bbox 742 3382 989 3447; x_wconf 86' lang='lat' dir='ltr'>commendatur.</span> <span class='ocrx_word' id='word_1_270' title='bbox 1018 3381 1081 3447; x_wconf 80' lang='lat' dir='ltr'>Iam</span> <span class='ocrx_word' id='word_1_271' title='bbox 1100 3383 1182 3447; x_wconf 92' lang='lat' dir='ltr'>enim</span> <span class='ocrx_word' id='word_1_272' title='bbox 1198 3381 1340 3461; x_wconf 82' lang='lat' dir='ltr'>Aloidas,</span> <span class='ocrx_word' id='word_1_273' title='bbox 1361 3380 1422 3446; x_wconf 85' lang='lat' dir='ltr'>Ca-</span> 
     </span>
     <span class='ocr_line' id='line_1_30' title="bbox 190 3492 1422 3576; baseline -0.006 -12"><span class='ocrx_word' id='word_1_274' title='bbox 190 3515 287 3564; x_wconf 88' lang='lat' dir='ltr'>naces</span> <span class='ocrx_word' id='word_1_275' title='bbox 311 3495 403 3563; x_wconf 81' lang='lat' dir='ltr'>Aeoli</span> <span class='ocrx_word' id='word_1_276' title='bbox 423 3494 510 3560; x_wconf 84' lang='lat' dir='ltr'>filiae</span> <span class='ocrx_word' id='word_1_277' title='bbox 533 3497 685 3574; x_wconf 83' lang='lat' dir='ltr'>nepotes,</span> <span class='ocrx_word' id='word_1_278' title='bbox 712 3492 854 3574; x_wconf 87' lang='lat' dir='ltr'>proxime</span> <span class='ocrx_word' id='word_1_279' title='bbox 878 3496 1038 3576; x_wconf 87' lang='lat' dir='ltr'>attingent</span> <span class='ocrx_word' id='word_1_280' title='bbox 1054 3494 1210 3558; x_wconf 88' lang='lat' dir='ltr'>Admetus</span> <span class='ocrx_word' id='word_1_281' title='bbox 1234 3492 1325 3558; x_wconf 87' lang='lat' dir='ltr'>Aeoli</span> <span class='ocrx_word' id='word_1_282' title='bbox 1347 3510 1422 3573; x_wconf 87' lang='lat' dir='ltr'>pro-</span> 
     </span>
     <span class='ocr_line' id='line_1_31' title="bbox 190 3603 1421 3692; baseline -0.006 -16"><span class='ocrx_word' id='word_1_283' title='bbox 190 3627 291 3692; x_wconf 86' lang='lat' dir='ltr'>nepos</span> <span class='ocrx_word' id='word_1_284' title='bbox 316 3613 350 3674; x_wconf 88' lang='lat' dir='ltr'>ct</span> <span class='ocrx_word' id='word_1_285' title='bbox 373 3605 528 3686; x_wconf 82' lang='lat' dir='ltr'>Alcestis,</span> <span class='ocrx_word' id='word_1_286' title='bbox 556 3604 665 3670; x_wconf 88' lang='lat' dir='ltr'>Peliae</span> <span class='ocrx_word' id='word_1_287' title='bbox 692 3604 835 3671; x_wconf 91' lang='lat' dir='ltr'>eiusdem</span> <span class='ocrx_word' id='word_1_288' title='bbox 860 3605 951 3670; x_wconf 89' lang='lat' dir='ltr'>Aeoli</span> <span class='ocrx_word' id='word_1_289' title='bbox 978 3604 1164 3686; x_wconf 85' lang='lat' dir='ltr'>pronepotis</span> <span class='ocrx_word' id='word_1_290' title='bbox 1186 3603 1268 3685; x_wconf 88' lang='lat' dir='ltr'>filia,</span> <span class='ocrx_word' id='word_1_291' title='bbox 1297 3622 1361 3686; x_wconf 90' lang='lat' dir='ltr'>qua</span> <span class='ocrx_word' id='word_1_292' title='bbox 1385 3622 1421 3668; x_wconf 90' lang='lat' dir='ltr'>re</span> 
     </span>
     <span class='ocr_line' id='line_1_32' title="bbox 189 3714 1419 3800; baseline -0.005 -14"><span class='ocrx_word' id='word_1_293' title='bbox 189 3722 303 3786; x_wconf 89' lang='lat' dir='ltr'>mirum</span> <span class='ocrx_word' id='word_1_294' title='bbox 320 3723 472 3800; x_wconf 88' lang='lat' dir='ltr'>quantum</span> <span class='ocrx_word' id='word_1_295' title='bbox 487 3716 672 3799; x_wconf 88' lang='lat' dir='ltr'>ampliatum</span> <span class='ocrx_word' id='word_1_296' title='bbox 685 3715 776 3782; x_wconf 79' lang='lat' dir='ltr'>sides</span> <span class='ocrx_word' id='word_1_297' title='bbox 786 3714 991 3781; x_wconf 87' lang='lat' dir='ltr'>Aeolidarum</span> <span class='ocrx_word' id='word_1_298' title='bbox 1006 3735 1170 3781; x_wconf 88' lang='lat' dir='ltr'>numeram</span> <span class='ocrx_word' id='word_1_299' title='bbox 1183 3716 1321 3780; x_wconf 89' lang='lat' dir='ltr'>hucdum</span> <span class='ocrx_word' id='word_1_300' title='bbox 1333 3715 1419 3780; x_wconf 86' lang='lat' dir='ltr'>iusto</span> 
     </span>
     <span class='ocr_line' id='line_1_33' title="bbox 189 3826 1418 3916; baseline -0.007 -16"><span class='ocrx_word' id='word_1_301' title='bbox 189 3840 286 3916; x_wconf 87' lang='lat' dir='ltr'>atque</span> <span class='ocrx_word' id='word_1_302' title='bbox 307 3834 418 3913; x_wconf 86' lang='lat' dir='ltr'>optato</span> <span class='ocrx_word' id='word_1_303' title='bbox 434 3826 720 3910; x_wconf 84' lang='lat' dir='ltr'>infrequentiorem.</span> <span class='ocrx_word' id='word_1_304' title='bbox 743 3844 824 3909; x_wconf 89' lang='lat' dir='ltr'>quos</span> <span class='ocrx_word' id='word_1_305' title='bbox 843 3843 914 3890; x_wconf 86' lang='lat' dir='ltr'>eum</span> <span class='ocrx_word' id='word_1_306' title='bbox 930 3827 1088 3909; x_wconf 85' lang='lat' dir='ltr'>excipiant</span> <span class='ocrx_word' id='word_1_307' title='bbox 1104 3828 1216 3892; x_wconf 87' lang='lat' dir='ltr'>Danae</span> <span class='ocrx_word' id='word_1_308' title='bbox 1231 3827 1317 3892; x_wconf 86' lang='lat' dir='ltr'>Iovis</span> <span class='ocrx_word' id='word_1_309' title='bbox 1332 3826 1418 3892; x_wconf 89' lang='lat' dir='ltr'>furto</span> 
     </span>
     <span class='ocr_line' id='line_1_34' title="bbox 188 3936 1418 4020; baseline -0.007 -10"><span class='ocrx_word' id='word_1_310' title='bbox 188 3944 358 4011; x_wconf 85' lang='lat' dir='ltr'>nobilitata</span> <span class='ocrx_word' id='word_1_311' title='bbox 381 3945 414 4006; x_wconf 87' lang='lat' dir='ltr'>et</span> <span class='ocrx_word' id='word_1_312' title='bbox 429 3938 630 4006; x_wconf 87' lang='lat' dir='ltr'>Stheneboea</span> <span class='ocrx_word' id='word_1_313' title='bbox 653 3937 800 4003; x_wconf 84' lang='lat' dir='ltr'>nefandis</span> <span class='ocrx_word' id='word_1_314' title='bbox 821 3936 948 4020; x_wconf 83' lang='lat' dir='ltr'>ignibus</span> <span class='ocrx_word' id='word_1_315' title='bbox 964 3937 1129 4018; x_wconf 82' lang='lat' dir='ltr'>famosior,</span> <span class='ocrx_word' id='word_1_316' title='bbox 1158 3938 1361 4004; x_wconf 89' lang='lat' dir='ltr'>Aeolidarum</span> <span class='ocrx_word' id='word_1_317' title='bbox 1385 3944 1418 4002; x_wconf 85' lang='lat' dir='ltr'>et</span> 
     </span>
     <span class='ocr_line' id='line_1_35' title="bbox 188 4048 1417 4131; baseline -0.009 -8"><span class='ocrx_word' id='word_1_318' title='bbox 188 4055 403 4123; x_wconf 90' lang='lat' dir='ltr'>Danaidarum</span> <span class='ocrx_word' id='word_1_319' title='bbox 419 4050 546 4117; x_wconf 90' lang='lat' dir='ltr'>fabulae</span> <span class='ocrx_word' id='word_1_320' title='bbox 562 4048 649 4113; x_wconf 90' lang='lat' dir='ltr'>haud</span> <span class='ocrx_word' id='word_1_321' title='bbox 667 4048 787 4115; x_wconf 85' lang='lat' dir='ltr'>invitae</span> <span class='ocrx_word' id='word_1_322' title='bbox 803 4048 999 4131; x_wconf 87' lang='lat' dir='ltr'>copulantur.</span> <span class='ocrx_word' id='word_1_323' title='bbox 1021 4068 1094 4115; x_wconf 90' lang='lat' dir='ltr'>uam</span> <span class='ocrx_word' id='word_1_324' title='bbox 1116 4068 1218 4130; x_wconf 89' lang='lat' dir='ltr'>neque</span> <span class='ocrx_word' id='word_1_325' title='bbox 1239 4048 1326 4113; x_wconf 91' lang='lat' dir='ltr'>illius</span> <span class='ocrx_word' id='word_1_326' title='bbox 1344 4067 1417 4113; x_wconf 88' lang='lat' dir='ltr'>nar·</span> 
     </span>
     <span class='ocr_line' id='line_1_36' title="bbox 187 4159 1417 4246; baseline -0.007 -12"><span class='ocrx_word' id='word_1_327' title='bbox 187 4166 252 4234; x_wconf 91' lang='lat' dir='ltr'>rari</span> <span class='ocrx_word' id='word_1_328' title='bbox 268 4166 335 4230; x_wconf 85' lang='lat' dir='ltr'>vita</span> <span class='ocrx_word' id='word_1_329' title='bbox 360 4168 502 4246; x_wconf 84' lang='lat' dir='ltr'>poterat,</span> <span class='ocrx_word' id='word_1_330' title='bbox 530 4160 593 4226; x_wconf 89' lang='lat' dir='ltr'>uisi</span> <span class='ocrx_word' id='word_1_331' title='bbox 610 4165 740 4242; x_wconf 87' lang='lat' dir='ltr'>praeter</span> <span class='ocrx_word' id='word_1_332' title='bbox 755 4159 912 4225; x_wconf 86' lang='lat' dir='ltr'>Acrisium</span> <span class='ocrx_word' id='word_1_333' title='bbox 928 4160 1063 4227; x_wconf 88' lang='lat' dir='ltr'>Abantis</span> <span class='ocrx_word' id='word_1_334' title='bbox 1086 4159 1185 4225; x_wconf 87' lang='lat' dir='ltr'>filium</span> <span class='ocrx_word' id='word_1_335' title='bbox 1207 4161 1300 4226; x_wconf 90' lang='lat' dir='ltr'>simul</span> <span class='ocrx_word' id='word_1_336' title='bbox 1317 4160 1417 4225; x_wconf 82' lang='lat' dir='ltr'>nouri-</span> 
     </span>
     <span class='ocr_line' id='line_1_37' title="bbox 186 4270 1416 4358; baseline -0.007 -15"><span class='ocrx_word' id='word_1_337' title='bbox 186 4278 273 4344; x_wconf 89' lang='lat' dir='ltr'>natis</span> <span class='ocrx_word' id='word_1_338' title='bbox 290 4275 461 4358; x_wconf 81' lang='lat' dir='ltr'>Polydecte</span> <span class='ocrx_word' id='word_1_339' title='bbox 475 4272 642 4354; x_wconf 85' lang='lat' dir='ltr'>Dictyque,</span> <span class='ocrx_word' id='word_1_340' title='bbox 663 4271 824 4352; x_wconf 84' lang='lat' dir='ltr'>Magnetis</span> <span class='ocrx_word' id='word_1_341' title='bbox 841 4271 933 4336; x_wconf 90' lang='lat' dir='ltr'>Aeoli</span> <span class='ocrx_word' id='word_1_342' title='bbox 949 4271 1005 4337; x_wconf 90' lang='lat' dir='ltr'>filii</span> <span class='ocrx_word' id='word_1_343' title='bbox 1021 4270 1140 4350; x_wconf 74' lang='lat' dir='ltr'>liberis</span> <span class='ocrx_word' id='word_1_344' title='bbox 1162 4290 1265 4353; x_wconf 89' lang='lat' dir='ltr'>neque</span> <span class='ocrx_word' id='word_1_345' title='bbox 1284 4271 1416 4336; x_wconf 78' lang='lat' dir='ltr'>Sthene</span> 
     </span>
     <span class='ocr_line' id='line_1_38' title="bbox 186 4381 1416 4465; baseline -0.01 -7"><span class='ocrx_word' id='word_1_346' title='bbox 186 4390 287 4457; x_wconf 86' lang='lat' dir='ltr'>booae</span> <span class='ocrx_word' id='word_1_347' title='bbox 298 4387 422 4454; x_wconf 85' lang='lat' dir='ltr'>facinus</span> <span class='ocrx_word' id='word_1_348' title='bbox 433 4383 578 4465; x_wconf 81' lang='lat' dir='ltr'>revelari,</span> <span class='ocrx_word' id='word_1_349' title='bbox 595 4383 658 4449; x_wconf 88' lang='lat' dir='ltr'>nisi</span> <span class='ocrx_word' id='word_1_350' title='bbox 669 4382 785 4448; x_wconf 90' lang='lat' dir='ltr'>Proeto</span> <span class='ocrx_word' id='word_1_351' title='bbox 796 4381 977 4449; x_wconf 88' lang='lat' dir='ltr'>Abantiade</span> <span class='ocrx_word' id='word_1_352' title='bbox 989 4388 1020 4447; x_wconf 89' lang='lat' dir='ltr'>et</span> <span class='ocrx_word' id='word_1_353' title='bbox 1030 4382 1275 4464; x_wconf 82' lang='lat' dir='ltr'>Bellerophonte</span> <span class='ocrx_word' id='word_1_354' title='bbox 1286 4382 1416 4464; x_wconf 85' lang='lat' dir='ltr'>Sisyphi</span> 
     </span>
    </p>
   </div>
   <div class='ocr_carea' id='block_1_3' title="bbox 0 0 1546 4950">
    <p class='ocr_par' dir='ltr' id='par_1_3' title="bbox 0 0 1546 4950">
     <span class='ocr_line' id='line_1_39' title="bbox 0 0 1546 4950; baseline 0 7"><span class='ocrx_word' id='word_1_355' title='bbox 0 0 1546 4950; x_wconf 95' lang='lat' dir='ltr'> </span> 
     </span>
    </p>
   </div>
  </div>
 </body>
</html>
