3082 4950
746 207 786 272 67

149 358 246 425 fidem
260 359 466 441 implorasset
480 359 617 424 Nessum
633 358 761 441 sagittis
777 357 913 425 confixit.
954 359 1013 425 Ille
1027 358 1175 438 moriens,
1198 375 1269 424 oum
1284 357 1381 424 sciret

152 471 290 552 sagittas
305 471 426 552 hydrae
441 471 605 535 Lernaeae
619 469 693 535 felle
712 470 830 536 tinctas
846 475 997 552 quantem
1010 469 1073 535 vim
1089 469 1243 535 haherent
1258 470 1382 549 veneni,

151 581 338 664 sanguinem
355 599 447 646 suum
463 587 628 662 exceptum
642 581 812 647 Deianirae
826 581 917 646 dedit
935 585 967 646 et
981 580 1014 645 id
1031 580 1182 661 philtrum
1198 597 1270 644 esse
1286 579 1382 644 dixit:

152 693 180 758 si
202 693 361 757 velletne
383 710 418 757 se
441 692 574 757 coniunx
596 696 775 773 sperneret,
799 710 836 758 eo
858 692 983 757 iuberet
1004 695 1124 756 vestem
1147 690 1216 756 eius
1238 691 1381 772 perungi.

151 804 185 869 id
208 803 359 869 Deianira
380 804 514 868 eredens
537 803 697 869 conditum
720 802 892 886 diligenter
913 801 1061 869 servavit.
1391 798 1411 862 5

666 1000 784 1065 XXXV
806 1000 874 1065 Iole

240 1134 395 1201 Hercules
418 1152 488 1201 cum
501 1135 590 1200 Iolen
606 1135 719 1218 Euryti
740 1133 838 1200 filiam
859 1135 893 1200 in
912 1134 1089 1218 coniugium
1107 1133 1255 1216 petiisset
1271 1133 1316 1220 leti
1332 1134 1385 1200 illc

155 1265 227 1313 eum
249 1246 455 1328 repudiasset
475 1245 660 1311 Oechaliam
688 1245 890 1329 expugnavit
921 1245 975 1328 qui
1004 1250 1040 1310 ut
1068 1244 1231 1327 eringine
1255 1250 1386 1327 rogatur

153 1362 304 1439 parentes
326 1356 395 1423 eius
417 1375 523 1423 coram
546 1375 585 1423 ea
606 1356 793 1440 interlicere
817 1358 902 1420 erelle
926 1359 1042 1440 coepit.
1072 1358 1132 1420 ilie
1157 1359 1265 1419 oniaco
1283 1358 1387 1440 perti-

153 1471 271 1532 nacior
294 1475 449 1551 parentes
472 1467 570 1553 meost
599 1476 674 1535 ante
703 1489 737 1533 sc
764 1469 880 1533 necari
905 1475 952 1531 est
977 1487 1147 1550 perpessa.
1180 1487 1258 1550 potos
1281 1486 1388 1530 ontnee

156 1599 225 1642 cam
248 1577 467 1663 interfecisset
491 1578 582 1642 loten
604 1581 767 1663 cceptivam
791 1578 860 1662 adl
883 1578 1083 1642 Deianiram·
1095 1579 1275 1661 praemisit.
1397 1574 1438 1638 10

600 1774 754 1839 XXXV!
779 1774 942 1838 Deianira

243 1910 409 1974 Deianira
429 1909 532 1975 Oenei
553 1909 627 1994 filiu
644 1910 798 1975 Herculio
820 1929 906 1973 aanor
928 1930 998 1975 cnm
1020 1910 1101 1973 cidit
1120 1910 1211 1974 Iolen
1230 1912 1387 1996 cirpiaem

157 2022 330 2106 captileonc
351 2023 489 2084 eairniae
501 2020 635 2105 formae
651 2043 719 2086 csse
736 2021 911 2085 addentem
932 2023 1040 2085 celita
1064 2029 1111 2085 est
1128 2042 1169 2084 nc
1189 2042 1224 2085 ee
1240 2023 1389 2105 coninyio

153 2130 328 2218 peieralcet.
351 2134 460 2216 itaque
474 2153 596 2196 moneor
608 2132 726 2197 Neseci
737 2135 925 2216 praecepti,
944 2141 1062 2196 erestein
1077 2135 1210 2195 tinctam
1226 2126 1388 2220 caeteteril

158 2245 315 2327 cauernae
331 2242 469 2307 Herculi
482 2245 537 2327 qni
551 2243 673 2328 ferret,
696 2245 823 2306 nomine
839 2242 974 2306 Licham
986 2243 1145 2326 samiolum
1161 2245 1254 2307 misit.
1283 2244 1289 2328 Ι
1313 2243 1390 2307 inde

157 2355 306 2438 paralum,
329 2354 415 2438 praed
431 2356 465 2417 in
482 2354 621 2437 terrain!
640 2354 809 2418 deciderat
825 2361 856 2418 et
871 2353 907 2417 id
921 2355 972 2418 sol
986 2356 1105 2438 accipit,
1128 2352 1388 2437 arldere'coepit.
1401 2358 1440 2425 15

163 2464 261 2543 Quod
279 2464 443 2529 Deianira
463 2472 498 2528 nt
513 2465 614 2542 cidit,
644 2466 743 2528 aliter
765 2485 834 2530 esse
857 2485 898 2527 ac
918 2465 1042 2528 Nessus
1060 2464 1192 2528 diamut
1212 2463 1391 2549 {intellexit

160 2581 194 2642 et
215 2575 269 2657 qui
290 2580 457 2641 reuocaret
484 2594 557 2640 eum
584 2575 635 2640 cui
661 2580 783 2641 vestem
810 2575 943 2641 dederat
968 2575 1064 2641 misit.
1108 2576 1210 2654 Quam
1232 2575 1388 2641 Hercules

160 2686 225 2753 iam
254 2686 403 2752 induerat
434 2687 606 2767 statimque
634 2685 771 2768 flagrare
803 2687 915 2769 coepit.
959 2686 1012 2768 qui
1044 2704 1114 2751 cnm
1147 2705 1182 2752 se
1211 2687 1244 2751 in
1273 2685 1391 2752 flumen

161 2798 351 2864 coniecisset
371 2803 408 2862 ut
430 2799 575 2863 ardorem
604 2798 823 2881 exstingueret
844 2797 945 2864 maior
965 2797 1093 2864 flemma
1115 2797 1235 2878 exibet,
1264 2798 1391 2865 demere

161 2914 268 2976 autem
292 2927 362 2974 cum
384 2907 482 2974 vellet
502 2908 626 2974 viscera
650 2908 872 2990 sequebantur.
917 2910 1005 2975 Tunc
1019 2908 1174 2975 Hercules
1190 2908 1320 2975 Licham
1337 2909 1442 2991 qui20

162 3025 284 3087 vestem
306 3021 460 3087 attulerat
481 3019 682 3086 ‘rotatum'
710 3021 742 3086 in
764 3040 851 3087 mare
875 3020 1035 3086 iaculatus
1058 3024 1122 3101 est,
1155 3020 1209 3102 qui
1237 3039 1299 3102 quo
1321 3020 1391 3085 loco

163 3131 279 3198 cecidit
299 3136 393 3213 petre
414 3135 491 3196 nata
509 3135 559 3196 est
579 3149 661 3212 quae
675 3131 792 3197 Lichas
815 3131 1004 3214 appellatur.
1048 3132 1135 3196 Tunc
1157 3130 1273 3195 dicitur
1288 3131 1394 3196 Philo·

164 3247 267 3309 ctetes
289 3241 440 3308 Poeantis
461 3240 546 3306 filius
568 3260 679 3324 pyram
701 3243 733 3306 in
756 3246 863 3307 monte
885 3242 1007 3306 Oetaeo
1030 3242 1248 3307 construxisse
1264 3241 1394 3306 Herculi

164 3371 299 3435 cumque
322 3353 508 3419 accendisse
531 3352 767 3419 mortalitatem.
797 3351 837 3418 ob
859 3351 893 3417 id
914 3351 1101 3418 heneficium
1123 3351 1293 3418 Philocteti
1314 3352 1394 3418 Her-

165 3624 181 3671 2
199 3622 298 3669 lerneee
314 3620 335 3666 p
353 3633 407 3666 corr
424 3619 511 3667 comm

233 3711 331 3761 XXXV
348 3713 411 3762 forte
421 3714 519 3763 Dosith.
539 3729 563 3775 p.
578 3715 610 3764 et
629 3714 672 3762 ubi
690 3715 767 3763 codex
785 3715 823 3761 ‘de
836 3712 912 3762 aeole’
932 3712 989 3779 (sic)
1034 3714 1049 3760 e
1069 3711 1105 3779 leti
1122 3713 1162 3760 Bu
1173 3708 1185 3780 ΙΙ
1196 3714 1272 3762 llleF
1289 3713 1334 3762 ella
1346 3714 1395 3762 Sch

167 3810 181 3856 i
201 3805 364 3874 lproleopeter
380 3808 436 3856 coni
454 3806 479 3857 Σ
530 3809 554 3857 8.
574 3811 588 3858 9
606 3820 784 3857 anamunerou
865 3819 1001 3855 amorne
1025 3807 1102 3855 codex
1118 3821 1173 3855 eum
1191 3809 1293 3869 antiqua
1309 3824 1396 3858 rasura

168 3904 182 3949 2
202 3902 233 3948 en
251 3903 329 3949 codex
347 3898 358 3968 l
378 3902 472 3964 omnes]
491 3903 522 3950 cl.
540 3902 636 3949 LXllll
654 3903 669 3950 6

236 3999 276 4044 11.
297 3999 327 4044 12
353 3990 466 4045 execrari
488 3985 603 4045 charmi
626 3996 703 4044 codex
762 4000 792 4045 12
817 3994 940 4047 moueri
964 3998 1010 4046 cod
1028 3994 1039 4064 ll
1059 3997 1090 4045 eh
1114 3998 1190 4046 codex
1248 4001 1279 4047 lt
1303 4011 1395 4047 uasenr

167 4100 315 4137 annectam
339 4091 416 4138 codex
433 4091 563 4150 Heinsius,
588 4091 655 4139 nessi
676 4092 852 4151 praeceptisF
873 4089 883 4159 ΙΙ
900 4085 984 4139 unere*
1008 4090 1104 4140 arnoni
1128 4092 1205 4140 codex
1258 4094 1289 4140 14
1312 4104 1396 4140 ernau

168 4178 277 4232 exuent
300 4186 378 4233 codex
402 4185 492 4232 lieham
517 4185 673 4233 famulumr
726 4187 757 4233 1⁶
782 4178 871 4232 nenne
894 4186 970 4234 codex
993 4188 1120 4248 paululum
1139 4187 1159 4232 F
1176 4183 1188 4253 fl
1208 4198 1295 4233 neena
1320 4189 1396 4235 codex

168 4279 297 4326 terremh*
318 4275 329 4345 ll
348 4291 382 4324 nr
399 4291 427 4325 1n
445 4280 521 4327 codex
539 4280 560 4326 F
584 4285 610 4325 ut
626 4277 654 4324 id
670 4277 725 4325 coni
743 4278 792 4327 Sch
851 4281 882 4326 16
900 4291 1065 4328 Dasummi·
1082 4281 1159 4329 codex
1176 4295 1231 4327 oum
1248 4280 1358 4327 delenire
1375 4282 1397 4326 p

168 4373 353 4424 contenent*
406 4375 436 4421 21
457 4373 578 4421 ‘rotatum'
597 4371 671 4420 Orid.
689 4372 748 4420 Met.
766 4373 802 4419 IX
822 4375 870 4421 217
924 4376 955 4423 23
974 4378 1043 4422 oeteo
1061 4375 1082 4421 h*
1100 4388 1154 4422 corr
1167 4374 1210 4421 Mu
1262 4378 1294 4422 24
1312 4388 1396 4423 escen·

1150 4471 1193 4527 ὁ*
