3082 4950
749 240 810 307 133

162 394 310 462 Arcadia.
354 395 529 462 Thessalus
557 394 709 477 templum
738 394 835 477 [quod
863 399 914 460 est
940 395 973 460 in
996 395 1195 477 Macedonia]
1226 397 1311 462 Iovis
1332 398 1395 462 Do·

161 507 276 572 donaei
299 507 332 571 in
354 511 442 573 terra
457 507 679 572 Molossorum.
722 506 878 571 Eleuther
898 506 1019 588 primus
1036 507 1238 573 simulacrum
1260 509 1396 575 Liberi

161 617 316 699 patris**
339 606 505 683 con'stituit
528 621 560 683 ct
575 618 840 700 quemadmodum
857 617 917 682 coli
936 618 1066 683 deberet
1081 619 1231 685 ostendit.
1274 620 1395 686 Phoro-

161 747 241 794 neus
264 729 374 793 Inachi
402 728 487 794 filius
514 729 667 810 templum
697 728 793 810 Argis
820 729 967 794 lunoni
995 729 1116 811 primus
1145 730 1229 796 feeit.
1279 734 1396 798 Otrera

160 842 302 904 Amazon
319 841 432 905 Martis
456 840 590 907 coniunx
605 839 758 921 templum
773 838 928 904 Dianae
943 840 1062 922 Ephesi
1084 841 1188 922 prima
1202 841 1286 924 fecit,
1309 841 1423 925 quodb

160 957 275 1033 postea
297 956 347 1030 †a
367 970 443 1033 rege
460 952 679 1017 restituerunt.
723 952 851 1033 Lycaon
867 944 1003 1034 Pelasgi
1011 951 1095 1018 filius
1117 953 1269 1035 templum
1292 955 1394 1019 Mer-

161 1064 271 1128 curio
294 1062 436 1144 Cyllenio
458 1063 490 1128 in
513 1061 652 1128 Arcadia
673 1061 756 1127 fecit.
800 1062 912 1129 Pierus
935 1113 1063 1128 .....

539 1258 694 1325 CCXXVI
716 1308 722 1324 .
747 1309 754 1324 .
777 1311 783 1324 .
806 1258 1009 1326 CCXXXVII

700 1370 847 1452 (desunt)

418 1480 637 1547 CCXXXVIII
659 1481 722 1559 Qui
741 1480 825 1546 filias
848 1500 924 1547 suas
947 1482 1132 1548 oeciderunt

242 1620 460 1702 Agamemnon
476 1617 566 1682 Atrei
588 1617 673 1682 filius
689 1617 896 1700 Iphigeniam,
918 1637 1012 1700 quam
1028 1619 1132 1684 Diana
1153 1621 1305 1686 servavit:
1327 1623 1392 1699 †id

157 1736 207 1796 est
236 1730 463 1796 Callisthenem
488 1729 637 1794 Euboeae
667 1728 764 1794 filiam
796 1748 834 1794 ex
864 1729 1004 1795 sortibus
1034 1749 1093 1812 pro
1121 1735 1246 1813 patriae
1276 1732 1390 1798 salute.

157 1842 336 1924 [Clymenus
352 1841 506 1907 Schoenei
520 1840 605 1905 filius
622 1840 824 1922 Harpalycen
840 1842 925 1922 quod
948 1841 976 1905 ei
998 1840 1098 1906 filium
1121 1861 1212 1908 suum
1235 1844 1266 1908 in
1286 1846 1390 1926 epulis
1401 1845 1441 1908 10

156 1954 325 2036 apposuit]
369 1952 569 2034 Hyacinthus
586 1951 764 2034 Spartanus
780 1952 972 2017 Antheidem
986 1951 1084 2017 filiam
1108 1973 1146 2018 ex
1161 1973 1316 2036 responso
1332 1976 1390 2038 pro

155 2064 413 2130 Atheniensibus.
457 2064 654 2129 Erechtheus
677 2063 851 2128 Pandionis
873 2063 958 2128 filius
977 2063 1167 2129 Chthoniam
1191 2068 1390 2134 exsortibus

155 2197 213 2261 pro
226 2176 483 2242 Atheniensibus.
501 2175 652 2257 [reIIquae
663 2175 765 2256 ipsius
781 2194 907 2242 sorores
918 2176 1009 2258 ipsae
1025 2194 1061 2240 se
1074 2176 1391 2260 praecipitaveruntl:

155 2289 295 2371 Cercyon
307 2287 442 2353 Vulcani
453 2286 538 2351 filius
551 2286 674 2368 Alopen
686 2291 819 2369 propter
830 2287 987 2352 incestum
1005 2304 1075 2350 cum
1087 2287 1245 2368 Neptuno.
1269 2291 1388 2355 Aeolus

155 2401 299 2467 Canacen
321 2385 453 2482 propter
475 2399 631 2463 Incestum
655 2397 846 2462 cumfratre
869 2398 1017 2463 Macareo
1041 2398 1224 2464 admissum.
1398 2397 1438 2464 15

353 2595 588 2662 CCXXXVIIII
610 2594 732 2659 Matres
755 2612 837 2675 quae
857 2593 941 2658 filios
963 2593 1193 2660 interfecerunt

237 2733 359 2798 Medea
379 2734 499 2797 Aeetae
527 2730 593 2795 filia
622 2729 813 2794 Mermerum
844 2734 876 2794 et
897 2729 1066 2795 Pheretem
1096 2729 1179 2796 filios
1208 2750 1246 2796 ex
1272 2734 1387 2800 Iasone

154 2844 300 2930 {Aesonis
329 2842 411 2928 filio!
455 2842 578 2908 Procne
600 2840 772 2906 Pandionis
800 2840 866 2905 filla
891 2841 963 2922 Ityn
995 2860 1034 2906 ex
1055 2843 1155 2906 Tereo
1177 2843 1290 2908 Martis
1312 2843 1387 2910 filio.

97 3044 100 3048 »
152 3012 182 3058 ci.
202 3009 227 3059 Σ
282 3013 294 3056 1
314 3007 458 3070 Thessalus]
477 3008 526 3054 imo
544 3006 719 3054 *womarus
744 3012 786 3054 aut
806 3005 978 3053 menodoro*
1000 3004 1010 3073 ΙΙ
1033 3007 1108 3071 [qaod
1129 3015 1164 3055 est
1186 3009 1212 3055 ta
1230 3010 1385 3071 Macedonia]

152 3105 211 3153 secl.
230 3101 255 3153 Σ
274 3103 316 3164 qui
333 3104 394 3149 haec
411 3102 490 3150 verba
507 3106 564 3162 post
582 3102 674 3150 ‘Liberi
691 3101 777 3163 patris*
797 3102 941 3150 collocanda
958 3115 1011 3150 esso
1029 3102 1175 3163 suspicatur.
1194 3117 1252 3150 nam
1270 3103 1387 3152 Eleuthor

152 3196 208 3262 (pro
232 3212 281 3257 quo
305 3195 418 3243 nonnulli
442 3195 566 3255 Pegasum
591 3196 793 3244 Eleutherensem
818 3212 831 3244 e
855 3197 961 3244 Paus.1
985 3199 1014 3254 2,
1035 3198 1049 3243 5
1074 3196 1191 3243 substitui
1217 3197 1311 3261 iubent)
1337 3197 1386 3244 dici

151 3293 250 3339 videtur
266 3291 332 3339 Pieri
344 3289 487 3337 Macedonis
503 3292 581 3348 pater,
600 3291 669 3338 cuius
687 3291 798 3337 meminit
815 3291 892 3339 schol.
904 3291 933 3337 ll.
952 3285 973 3344 Ξ
986 3291 1034 3337 226
1048 3286 1058 3355 ΙΙ
1079 3290 1216 3338 dodoneiF
1233 3305 1288 3337 corr
1300 3291 1386 3338 Comm

152 3385 544 3447 acf.myth.Vat.118p.ny
593 3385 703 3431 lotrira
720 3386 740 3430 F
759 3399 797 3432 em
808 3385 847 3432 Bu
895 3383 1072 3458 ballematiae
1089 3398 1143 3442 repe
1159 3384 1214 3431 coni
1226 3383 1282 3442 Sch,
1300 3390 1386 3445 postea

152 3481 238 3528 &caua
257 3479 316 3546 (imo
336 3477 452 3541 Coresus)
469 3485 491 3525 et
509 3478 617 3539 Epheson
636 3479 699 3526 coni.
719 3479 757 3525 Bu
776 3480 831 3525 coll.
850 3478 956 3527 Pausan.
975 3478 1023 3525 VH
1041 3481 1065 3538 2,
1083 3480 1107 3536 4,
1125 3478 1208 3538 inepto
1261 3483 1274 3526 ‘l
1293 3479 1385 3540 pierius

151 3577 228 3624 Fem
246 3575 295 3622 Seh
314 3571 325 3640 ΙΙ
354 3575 496 3620 exciderunt
519 3573 570 3620 lore
592 3573 665 3620 haee:
692 3572 816 3634 Apollinis
834 3573 902 3632 filino
925 3573 1035 3633 templum
1061 3571 1170 3632 ibeopiia
1194 3572 1272 3619 Maaa‘s
1289 3573 1385 3633 primas

141 3671 210 3732 fecit
244 3671 349 3718 ‘Desunt
366 3673 390 3715 at
406 3668 448 3715 hle
466 3667 594 3714 duodecim
612 3667 693 3728 capitu
711 3671 739 3714 ut
755 3682 784 3714 ex
801 3667 883 3714 indice
899 3667 983 3716 videre
1001 3666 1064 3714 licat’
1081 3668 1197 3728 Micyllus

220 3768 244 3813 8.
264 3767 278 3812 9
299 3759 368 3820 choo
380 3763 469 3824 Orphei
477 3762 548 3824 filiae
565 3762 630 3816 tiliae
641 3766 696 3834 tres}
715 3761 744 3808 id
758 3769 793 3808 cot
803 3762 955 3809 Masonem
968 3761 1077 3809 Eabrdcn
1092 3757 1219 3828 [ibeopcnl
1237 3776 1267 3808 ce
1282 3763 1384 3811 certabas

154 3859 296 3906 dubitanter
314 3858 369 3905 coni
388 3856 412 3907 Σ
430 3857 595 3905 verosimilius
614 3859 679 3904 enim
697 3856 860 3917 propatulae
876 3856 988 3903 Eudoerw
1009 3858 1166 3906 scribendum
1184 3871 1237 3905 esse
1292 3862 1323 3906 10
1341 3861 1384 3906 cli·

151 3967 238 4002 monus
256 3953 325 4000 oanei
343 3953 364 3998 F
382 3953 423 4012 (cf.
442 3949 530 4016 CCVI)
548 3966 603 3999 corr
620 3950 707 3998 Comm
724 3955 749 3998 et
765 3951 823 3999 Mic.
841 3953 857 3998 i.
874 3967 900 3998 m
920 3947 930 4016 [Ι
950 3953 1102 4012 harpalicem
1119 3953 1140 3998 1⁴¹
1165 3966 1220 4000 corr
1237 3953 1280 3999 Mu
1301 3950 1312 4021 ΙΙ
1332 3951 1384 4015 Cly-

149 4062 231 4094 mcnao
250 4082 255 4093 .
276 4082 281 4093 .
301 4082 305 4091 .
324 4047 438 4109 apposuit
454 4049 508 4094 loeo
528 4051 594 4093 mota
619 4059 672 4093 esse
698 4045 759 4092 coni.
780 4042 805 4094 Σ
865 4049 894 4093 11
915 4046 1091 4106 sparianndem
1109 4047 1129 4092 M
1147 4045 1290 4095 Antheidem
1307 4051 1384 4110 Apol·

148 4142 229 4190 lodori
244 4143 282 4188 111
300 4143 341 4202 15,
360 4144 374 4189 8
393 4143 469 4189 latera
486 4142 549 4189 vidit
560 4141 603 4188 Mu
621 4139 757 4201 Spumant
775 4140 830 4186 coni
848 4138 873 4188 Σ
927 4142 957 4188 12
976 4140 1147 4187 erichthensF
1165 4157 1220 4190 corr
1232 4144 1274 4190 Mu
1287 4140 1297 4210 ss
1318 4147 1383 4192 colo·

149 4237 267 4299 phonium
286 4237 307 4281 F
329 4250 384 4282 corr
402 4235 450 4283 Soh
476 4236 507 4281 cl.
527 4234 609 4281 XLVI
671 4237 701 4280 13
719 4235 849 4293 reliquae.
869 4269 874 4280 .
894 4270 900 4280 .
920 4233 1144 4295 praeoptaverunt
1166 4237 1253 4293 abesse
1270 4238 1340 4285 malit
1357 4236 1382 4288 Σ

152 4336 183 4380 14
202 4331 299 4380 eereion
317 4331 337 4376 F
356 4345 410 4377 corr
428 4331 514 4380 Comm
532 4326 542 4394 ΙΙ
563 4330 659 4389 alopem
677 4329 698 4374 1⁴¹
716 4345 770 4377 corr
787 4329 831 4375 Mu
885 4330 914 4375 15
934 4343 1049 4376 canonem
1067 4329 1088 4375 F
1106 4342 1160 4376 corr
1178 4332 1220 4378 Mu

221 4430 251 4474 1o
270 4439 410 4473 macoreum
422 4425 443 4471 F
459 4439 610 4471 marcarcnm
621 4423 707 4471 Comm
725 4437 780 4471 corr
792 4424 840 4471 Sch
859 4420 870 4491 fl
889 4423 1050 4485 pheretnml*
1068 4439 1123 4472 corr
1134 4425 1174 4472 Bu
1221 4426 1252 4474 l'l
1272 4421 1383 4492 {Aeconia
