3082 4950
682 215 790 283 XXIII

120 368 223 452 gitare
239 368 444 452 principium,
474 369 592 452 quippe
615 389 678 452 quo
695 371 900 436 Aeolidarum
922 369 1050 437 fabulae
1071 369 1146 436 finis
1161 371 1351 453 imponatur.

120 481 226 546 Trium
253 481 336 545 enim
362 482 485 546 Thestii
511 480 662 562 filiarum,
692 500 773 563 quas
800 501 819 546 a
843 481 967 547 Canace
992 480 1081 547 Aeoli
1104 481 1172 547 filia
1197 481 1350 562 originem

120 593 235 658 ducere
259 592 415 672 referunt,
444 588 516 657 cnm
534 594 656 674 primae
677 594 971 658 commemorandae
993 593 1192 658 occasionem
1218 610 1351 658 avena·

119 704 242 769 toribus
259 704 434 786 calydoniis
451 705 631 785 repetisset,
653 706 822 784 secundae,
844 705 1116 786 Hypermnestrae
1131 703 1261 786 inquam
1277 699 1351 770 Am-

118 815 244 903 phiarai
260 816 386 895 matris,
417 833 438 879 a
459 822 581 896 septem
600 816 735 880 ducibus
756 815 884 881 Thebas
905 814 1073 898 profectis,
1099 815 1255 897 reliquum
1272 819 1350 895 erat,

118 930 155 991 ut
171 927 287 992 tertiae
306 926 532 1008 producendae
550 927 750 991 occasionem
769 932 899 1008 caperet
917 927 957 991 ab
978 926 1063 992 illius
1085 927 1191 1008 gentis
1209 925 1350 1006 historia,

119 1056 182 1120 qua
198 1055 268 1102 cum
286 1038 404 1120 duplici
421 1037 587 1102 affinitatis
610 1038 737 1105 vinculo
753 1039 921 1103 coniuncta
938 1043 1016 1103 erat.
1063 1038 1095 1103 Si
1118 1037 1190 1119 quis
1214 1038 1254 1102 de
1271 1042 1350 1102 tem-

116 1167 228 1233 pomm
250 1149 373 1214 ratione
395 1148 488 1213 nimis
505 1149 661 1214 sollicitus
677 1149 816 1231 capitum
835 1150 919 1214 hunc
935 1154 1079 1215 statuere
1097 1149 1239 1213 ordinem
1259 1149 1352 1213 malit

117 1261 406 1327 LXXXII-VIII.
429 1260 779 1341 LXXVII—LXXXI,
810 1278 860 1326 me
877 1261 981 1326 indice
996 1260 1115 1347 Hygini
1131 1264 1268 1324 mentem
1285 1278 1349 1324 nnn

90 1366 93 1373 '
117 1377 284 1438 assecutus
299 1371 403 1439 luerit.
430 1372 504 1436 hinc
522 1372 604 1436 enim
626 1372 667 1437 ad
684 1372 857 1454 Pelopidas
874 1372 1070 1437 transitums
1087 1390 1107 1437 a
1122 1371 1213 1435 Leda
1226 1369 1350 1436 Thestii

116 1483 182 1549 filia
197 1483 401 1549 Aeolidarum
415 1482 524 1549 sobole
538 1483 759 1549 recentissima
773 1482 946 1565 profectus,
963 1483 1045 1549 scite
1058 1502 1126 1548 rem
1140 1483 1186 1548 sic
1201 1481 1349 1563 institnit,

49 1670 54 1680 ¹
115 1600 153 1659 ut
167 1595 324 1660 Helenam
350 1601 383 1660 et
402 1595 666 1676 clytemnestram
690 1592 773 1659 filias
798 1592 867 1660 eius
891 1595 1037 1660 Menelao
1062 1601 1095 1659 et
1118 1593 1350 1675 Agamemnoni

116 1706 267 1788 nupsisse
285 1706 421 1788 primum
441 1725 500 1771 nos
520 1706 649 1785 doceat,
679 1706 794 1771 deinde
816 1725 834 1770 e
852 1705 980 1771 Tantali
999 1705 1138 1787 posteris
1168 1724 1224 1770 eos
1247 1705 1348 1770 fuisse

116 1817 253 1884 subiciat
264 1822 362 1883 Atreo
378 1823 472 1899 patre
484 1822 679 1900 procreatos.
711 1817 745 1882 Si
755 1817 918 1883 Plutarchi
930 1836 998 1899 par.
1010 1817 1082 1882 min.
1093 1817 1182 1882 XXX
1197 1816 1256 1882 vol.
1268 1817 1348 1882 VIII

114 1950 146 2011 p.
161 1930 224 1994 431
244 1928 293 1994 ed.
311 1930 401 1994 Hutt.
418 1935 504 1995 recte
519 1929 725 2010 interpretor,
755 1947 961 2011 quaecunque
977 1929 1075 2010 capiti
1091 1928 1238 1993 LXXXII
1255 1946 1348 2010 argu-

115 2040 215 2105 menti
236 2040 400 2122 parilitate
418 2040 570 2106 adiuncta
592 2045 682 2119 sunt,
714 2040 788 2104 olim
809 2059 906 2105 unum
930 2058 1045 2122 corpus
1063 2040 1347 2120 Pelopidarum

115 2153 242 2217 nomine
261 2151 448 2233 insignitum
474 2151 662 2216 efficiebant.
693 2170 766 2216 nam
790 2169 870 2233 quae
888 2151 1080 2216 Plutarchus
1104 2150 1293 2216 eDositheo
1313 2149 1347 2216 ἐν

115 2258 324 2340 Πελοπίδαις
345 2281 382 2327 se
405 2262 667 2345 transscripsisse
688 2267 841 2342 testatur,
873 2281 911 2327 ea
935 2282 999 2328 non
1022 2263 1205 2344 discrepant
1227 2263 1267 2327 ab
1281 2263 1348 2344 Hy-

115 2374 182 2456 gini
198 2377 302 2456 capite
317 2375 462 2439 LXXXV
469 2392 497 2453 o,
519 2375 549 2438 h.
564 2388 590 2439 e.
605 2377 748 2456 proximo
765 2374 802 2454 ei,
825 2375 910 2456 quod
927 2379 959 2438 et
973 2374 1078 2455 ipsum
1092 2390 1284 2438 Panormus
1299 2373 1347 2438 in-

113 2485 266 2566 scriptum
285 2491 350 2565 est;
380 2486 443 2550 iam
462 2504 537 2550 vero
556 2503 627 2551 cum
643 2485 756 2550 Troica
780 2485 820 2549 ab
837 2485 1021 2550 Atridarum
1038 2485 1148 2550 fabula
1169 2484 1277 2549 divelli
1292 2504 1346 2549 ne-

114 2604 249 2678 queant,
279 2595 349 2661 lieri
373 2615 437 2660 non
463 2596 583 2677 potuit,
614 2596 689 2677 quin
712 2597 753 2661 ad
776 2596 895 2660 Priami
920 2614 1045 2678 quoque
1072 2595 1209 2661 maiores
1234 2602 1347 2660 auctor

114 2708 252 2773 animum
270 2709 452 2773 adverteret
467 2712 653 2788 tantumque
678 2726 695 2771 e
712 2707 834 2772 Troicis
857 2707 999 2772 historiis
1019 2707 1224 2788 praelibaret,
1246 2726 1346 2789 quan-

110 2826 181 2885 tum
200 2820 241 2884 ad
262 2818 337 2884 belli
352 2818 541 2884 nobilissimi
562 2817 686 2885 semina
702 2819 924 2901 cognoscenda
947 2819 1028 2885 satis
1046 2824 1142 2884 esset
1173 2819 1223 2883 cui
1242 2817 1346 2883 officio

113 2930 319 2996 satisfaciat
337 2916 793 3011 Lxxxvlul-ssuxxxlffl,
825 2929 958 2995 duorum
976 2929 1116 3011 capitum
1133 2930 1347 3012 appendicula

112 3042 224 3108 auctis.
252 3047 429 3122 sequuntur
445 3041 519 3106 inde
538 3059 558 3107 a
575 3060 600 3106 c.
614 3041 900 3108 LXllllel-OV
915 3042 1165 3122 antehomerica,
1194 3041 1264 3106 CVI
1279 3043 1346 3107 Ho-

112 3154 246 3233 merica,
268 3152 497 3218 CVII—CXV
516 3152 751 3234 posthomerica
773 3170 855 3234 quae
876 3153 1041 3234 dicuntur,
1072 3154 1140 3219 sive
1155 3158 1193 3218 ut
1209 3154 1256 3218 rei
1272 3171 1344 3218 con-

111 3264 290 3330 venientius
315 3264 450 3345 dixeris,
479 3263 615 3346 primmn
642 3283 661 3329 e
689 3263 812 3346 Cypriis
838 3270 1002 3346 excerpta,
1031 3274 1099 3330 tom
1121 3265 1344 3331 brevissimum

113 3376 226 3442 Iliadis
255 3380 476 3458 argumentum
486 3374 535 3456 *),
566 3379 729 3456 postremo
756 3375 901 3441 Leschae
927 3376 1004 3441 Ilias
1032 3395 1133 3458 parva
1161 3382 1195 3441 et
1221 3377 1344 3442 Arctini

112 3488 280 3570 Aethiopis
302 3488 335 3552 in
358 3486 537 3568 compendii
560 3487 727 3568 angustias
750 3493 895 3553 coactae:
927 3488 1069 3553 enostIs
1093 3488 1220 3554 nonnisi
1242 3490 1344 3570 potis-

112 3599 193 3664 sima
219 3618 244 3664 c.
266 3599 499 3666 cxvl--vffl
524 3598 669 3663 sublecta
696 3605 784 3663 sunt:
816 3599 953 3680 denique
981 3599 1118 3681 scriptor
1145 3617 1170 3664 c.
1195 3600 1342 3666 cxlx-

112 3710 272 3776 CXXXIII
292 3710 545 3792 clytemnestras
565 3716 695 3774 namato
713 3710 834 3775 scelere
853 3716 887 3775 et
901 3715 1177 3792 Agamemnoneae
1193 3712 1293 3793 prolis
1310 3719 1344 3776 et

111 3822 258 3905 Aegisthi
284 3821 482 3902 Menelaique
505 3821 676 3885 liberorum
699 3821 752 3902 qui
773 3839 867 3887 casus
889 3822 969 3886 varii
992 3821 1201 3904 fortunaeque
1220 3823 1342 3887 vicissi-

111 3933 239 3999 tudines
264 3951 347 4015 quae
372 3932 491 3997 fuerint
516 3933 671 4013 exposuit.
714 3933 827 4014 Itaque
850 3952 962 4015 regum
983 3934 1174 4000 Achivorum
1198 3935 1341 4016 historia,

111 4063 244 4127 quorum
265 4044 380 4109 seriem
396 4045 513 4126 repetit
530 4061 555 4109 c.
572 4043 717 4123 CXXIV,
741 4062 760 4108 a
776 4043 943 4110 Phoroneo
961 4046 1002 4110 ad
1019 4047 1156 4111 Oresten
1172 4049 1341 4128 Agamem-

110 4202 314 4213 ..nona-...-

177 4301 203 4368 *)
226 4302 351 4351 Observes
374 4303 449 4350 velim
476 4318 496 4350 o.
515 4301 775 4349 LXXXVIIII—CV
802 4308 875 4363 atque
899 4300 1121 4350 cvm-cxxm
1147 4305 1251 4351 eundem
1277 4304 1341 4352 efflei

109 4412 244 4446 numerum.
