3082 4950
239 1321 389 1412 Μαξίμῳ
405 1323 462 1392 καὶ
479 1321 604 1412 ’Ἀπρηι
622 1321 762 1404 ὑπάτοις
779 1324 845 1411 πρό
861 1321 888 1410 γ’
905 1322 1000 1391 εἰδῶν
1017 1323 1386 1414 ΣεπτεμβρίωνὙγίνου

153 1433 357 1521 γενεαλογίαν
373 1440 477 1503 πᾶσιν
491 1435 634 1525 γνωστήν
649 1435 851 1524 μετέγραψα,
874 1435 908 1502 έν
924 1429 945 1526 ᾗ
963 1432 1092 1503 ἔσονται
1117 1436 1267 1518 πλείονες
1292 1437 1385 1509 ἱστο-

154 1543 223 1632 ρίαι
245 1546 507 1634 διερμηνευμέναι
522 1545 677 1636 ἐντούτῳ
692 1549 739 1638 τῷ
755 1545 892 1635 βιβλίῳ·
914 1547 1003 1614 θεῶν
1018 1547 1078 1636 γὰρ
1100 1546 1156 1615 καί
1177 1545 1288 1615 θεόων
1305 1545 1383 1618 ὀνό-

151 1683 241 1745 ματα
272 1658 306 1725 έν
333 1659 471 1748 δευτέρῳ
500 1659 736 1746 έξεπλέξαμεν·
770 1653 855 1725 ἀλλὰ
882 1657 940 1726 έπί
969 1653 1071 1746 τούτῳ
1100 1656 1229 1726 ἔσονται
1257 1660 1384 1730 τούτων

153 1766 326 1859 ἐξηγήσεις,
342 1769 373 1839 εἰ
386 1769 443 1836 καὶ
459 1771 504 1860 μή
517 1776 634 1853 πᾶσαι,
651 1767 773 1837 τούτων
787 1769 942 1856 μέντοιγε,
963 1761 1007 1836 ὧν
1023 1768 1058 1837 έν
1070 1766 1214 1858 τοσούτῳ
1233 1769 1384 1860 δύναμαι.

153 1878 332 1970 Ζωγραφία
345 1887 514 1968 τοιγαροῦν
527 1880 642 1949 τούτου
657 1882 714 1949 τού
728 1879 835 1948 κόπου
853 1881 994 1961 πολλοῖς
1008 1878 1127 1961 τόποις
1144 1880 1282 1950 δίδωσιν
1295 1911 1384 1976 μαρ-

152 1989 277 2080 τυρίαν·
309 1986 393 2060 ἄλλοί
423 1992 480 2059 καί
509 1989 540 2060 ολ
562 1992 782 2080 γραμματικοὶ
811 1991 922 2081 τέχνης
945 1989 1064 2078 ταύτης
1093 1986 1130 2060 ού
1152 1991 1253 2079 μόνον
1281 1994 1385 2064 έπαι-

152 2107 262 2170 νούσιν
280 2105 284 2191 Ι
302 2104 359 2192 τήν
379 2099 523 2194 εὐφυΐαν,
546 2099 703 2171 ἀλλὰκαὶ
724 2109 873 2195 χρῶνται.
917 2107 1036 2172 Μῦθοι
1058 2104 1119 2190 μέν
1139 2110 1203 2170 τῶν
1220 2099 1387 2194 ὀρχηστῶν

151 2211 248 2283 ένθεν
270 2213 491 2302 λαμβάνουσιν
520 2213 669 2299 ἔπαινον,
700 2215 757 2283 καὶ
778 2220 1094 2304 μαρτυροποιοῦνται
1124 2216 1159 2284 έν
1185 2218 1225 2304 τῇ
1254 2212 1385 2309 ὀρχήσει

150 2321 291 2417 ἀληθινοὶ
314 2328 356 2394 τὰ
377 2326 591 2416 γεγραμμένα.
627 2323 700 2395 Ἵνα
722 2328 759 2396 δέ
779 2322 920 2407 εὐκόλως
940 2324 1034 2418 εύρης
1053 2324 1124 2408 ένδς
1146 2324 1286 2397 ἑκάστου
1305 2329 1396 2422 έξή-,

150 2462 303 2529 γησιν**,
326 2442 458 2527 πρῶτον
480 2434 536 2508 σύν
557 2437 692 2508 πόντων

237 2557 383 2620 Μουσῶν
405 2550 495 2620 ἐννέα
518 2546 663 2640 ὀνόματα
681 2552 739 2620 καί
759 2550 872 2634 τέχνας
887 2548 942 2616 καί
958 2547 1055 2616 τέκνα
1072 2540 1195 2630 καλοῖς
1213 2548 1380 2641 έμίγησαν,

151 2662 208 2730 καί
228 2670 316 2731 θεῶν
338 2661 382 2749 ιβ’
404 2658 557 2751 ὀνόματα,
792 2661 869 2749 περὶ
891 2657 1083 2748 δρακόντων,

151 2773 207 2841 καὶ
229 2771 316 2842 έπτδ
339 2772 475 2858 ζωδίων,
791 2772 869 2860 περὶ
892 2771 977 2851 Διὸς
997 2765 1180 2860 καὶἯρας,

151 2885 207 2953 καὶ
229 2881 376 2976 ἀστέρων
397 2885 476 2954 δέκα
498 2883 564 2969 δύο,
791 2884 870 2971 περὶ
886 2878 1029 2967 Ἰξίονος,

151 2997 229 3089 περὶ
251 2995 469 3085 Προμηθέως,
792 2994 870 3084 περὶ
890 2990 1042 3083 Μηδείας

150 3108 228 3198 περὶ
245 3103 446 3199 Ἀφροδίτης
466 3102 739 3197 *[ιιαί’Ἀρεος]*,
792 3105 869 3196 περί
891 3102 1031 3188 Αἰόλου,

149 3220 229 3307 περὶ
246 3215 396 3310 Ἀθηνᾶς
416 3219 472 3287 καὶ
495 3219 714 3302 Ποσειδῶνος,
745 3209 749 3220 ’
791 3217 868 3305 περὶ
891 3214 1125 3307 Μελανίππης,

45 3352 48 3365 ·
149 3332 227 3421 περὶ
244 3327 446 3416 Ἆκταίονος,
791 3329 869 3418 περὶ
891 3326 1018 3418 Λήδας,

150 3444 230 3531 περὶ
251 3440 432 3526 Λαιδόλου,
791 3441 869 3532 περὶ
885 3436 1071 3522 Ἀλκύονος,

149 3555 229 3644 περὶ
251 3550 467 3635 ’Λπόλλωνος
495 3552 553 3621 καί
583 3549 739 3621 Κασσόν-
791 3553 870 3643 περὶ
886 3548 1049 3640 Ἀγχίσου,

192 3668 282 3756 δρας,
791 3664 870 3753 περὶ
896 3664 981 3744 Διός
1002 3661 1167 3754 ἐκτροφῆς,

150 3778 229 3866 περὶ
253 3773 429 3860 Ταντοίλου,
791 3775 870 3864 περὶ
892 3772 1061 3866 Μαρσύου,

150 3889 229 3977 περὶ
255 3886 408 3978 Φιλύρας,
791 3887 869 3975 περὶ
895 3883 1116 3975 Μινωταύρου,

150 4001 228 4088 περὶ
246 3996 437 4083 Ὀδυσσέως,
791 3983 870 4087 περὶ
892 3996 983 4082 Διός,

150 4112 230 4199 περὶ
252 4106 569 4201 ύνθρωποπλοσίας,
791 4110 870 4198 περὶ
891 4106 1005 4178 όπλων
1025 4106 1172 4199 κρίσεως,

151 4223 228 4311 περί
249 4224 486 4309 κατακλυσμοῦ,
511 4222 554 4312 W
793 4221 870 4311 περὶ
888 4217 1022 4311 ’Ἀργου,

151 4334 228 4423 περὶ
250 4333 418 4417 Πενθέως,
792 4333 871 4422 περὶ
891 4337 1008 4415 τεχνῶν
1029 4329 1194 4422 εὑρέσεως.
