3082 4950
701 248 839 321 XXXIX

154 401 348 468 narrationis
371 402 508 485 speciem
531 403 695 484 praebeat.
724 403 787 468 iam
810 422 886 469 vero
909 396 1020 469 nostro
1042 405 1175 470 consilio
1203 422 1282 470 usus
1304 405 1390 488 capi·

146 518 224 578 'tum
246 514 362 580 CXVII
376 520 409 579 et
422 514 556 582 CXVIII
572 514 716 580 ordinem
732 521 950 597 praepostera,
966 534 1003 580 ac
1017 515 1169 596 fatebere,
1184 534 1205 581 a
1218 516 1388 583 aCXVlI⁰

156 625 254 690 telam
277 625 317 690 ab
333 624 455 691 artifice
470 625 709 691 accuratissime
732 645 804 692 esse
823 633 1011 710 pertextam.
1033 627 1178 709 primum,
1199 624 1389 700 cum'rerbis

153 734 218 800 illis
241 736 355 817 capitis
379 737 495 803 CXVII
517 739 561 801 ‘at
582 738 712 802 Electra
732 738 981 819 Agamemnonis
1002 737 1070 803 filia
1088 740 1236 803 Orestem
1256 736 1388 804 fratrem

153 845 309 912 infantem
332 848 479 928 sustulit,
501 866 595 929 quem
618 849 823 914 demandavit
843 849 876 914 in
899 849 1039 914 Phocide
1061 848 1226 930 Strophio,
1256 848 1306 914 cui
1327 847 1388 914 luit

156 959 331 1040 Astyochia
344 960 592 1040 Agamemnonis
608 978 699 1025 soror
712 959 822 1042 nupta'
847 961 924 1042 quid
943 961 1063 1026 arctius
1085 961 1255 1026 cohaerere
1278 964 1388 1042 potest

155 1069 269 1151 capitis
288 1070 390 1137 CXIX
408 1069 538 1135 exordio
559 1070 609 1135 his
628 1072 734 1137 verbis
750 1077 903 1153 concepto
925 1071 987 1153 {qui
1002 1077 1171 1154 postquam
1187 1071 1220 1135 in
1235 1071 1387 1153 puberem

155 1187 294 1247 aetatem
315 1181 411 1261 venit,
434 1180 586 1246 studebat
607 1183 783 1265 patrissui
804 1189 939 1249 mortem
954 1184 1074 1265 exequi‘
1097 1184 1192 1248 modo
1214 1183 1274 1249 hoc
1294 1184 1386 1251 nobis

153 1293 352 1375 pemmonis,
382 1299 418 1359 ut
445 1294 477 1359 in
500 1294 604 1359 locum
626 1295 795 1359 verborum
824 1295 966 1360 ‘Orestes
989 1294 1236 1375 Agamemnonis
1259 1299 1292 1360 et
1315 1296 1387 1377 Cly-

154 1408 350 1469 temncstrac
377 1402 472 1470 filius’
502 1423 585 1486 quae
613 1404 699 1470 tituli
725 1404 830 1487 gratia
855 1410 971 1486 postea
998 1405 1073 1472 ficta
1101 1411 1177 1471 sunt
1197 1407 1386 1472 reducamus

153 1516 241 1596 quod
262 1521 425 1581 auctorem
446 1516 595 1598 posuisse
622 1522 744 1582 certum
766 1520 817 1581 est
839 1515 911 1593 Qm.
939 1516 1055 1582 deinde
1077 1517 1148 1599 quis
1174 1521 1240 1582 tam
1268 1518 1386 1583 obesae

153 1627 259 1706 uarie,
288 1628 363 1710 quin
385 1627 436 1693 his
459 1627 551 1693 lectis
573 1645 598 1692 c.
619 1627 721 1694 CXIX
742 1627 864 1693 verbis:
892 1631 994 1709 ‘quem
1016 1632 1130 1710 postea
1150 1627 1252 1694 furiae
1273 1629 1385 1695 matris

153 1737 367 1819 exagitarunt
386 1739 494 1806 statim
517 1738 644 1819 sentiat
664 1738 768 1820 prima
785 1738 950 1822 sequentis
968 1738 1096 1804 fabulae
1110 1738 1209 1805 verba
1229 1741 1385 1806 ‘Orestem

154 1849 256 1914 luciae
278 1869 348 1916 curn
375 1849 583 1933 exagitarent
604 1849 668 1915 fide
690 1866 815 1930 carere,
836 1854 1001 1931 totumque
1022 1850 1125 1916 locum
1148 1851 1194 1916 sic
1216 1869 1289 1916 esse
1308 1851 1386 1917 scri·

153 1961 308 2026 bendum:
330 1965 433 2044 ‘quem
448 1967 564 2045 postea
579 1961 682 2027 iuriae
699 1960 896 2026 matriacum
912 1961 1128 2042 exagitarent.
1151 1981 1223 2027 mox
1241 1962 1281 2027 de
1301 1962 1387 2044 oapi·

151 2075 219 2135 tum
237 2072 323 2138 CXX
338 2078 371 2139 et
388 2074 490 2140 CXXI
505 2073 714 2138 commissura
734 2090 801 2136 rem
818 2073 865 2137 sic
882 2072 1035 2138 habuisse
1054 2072 1111 2137 tibi
1127 2091 1317 2154 persuasum
1334 2073 1385 2139 sit

151 2182 355 2248 concedimus
378 2203 399 2250 a
419 2184 601 2251 novissimis
624 2183 739 2264 capitis
757 2184 843 2250 CXX
864 2183 969 2251 verbis
985 2183 1035 2248 his
1057 2187 1224 2265 ‘ventoque
1245 2186 1385 2256 secundo

153 2292 195 2358 ad
216 2294 355 2360 insulam
370 2297 537 2362 Zminthea
557 2295 599 2359 ad
618 2294 761 2375 Chrysen
780 2295 937 2377 Apollinis
962 2295 1160 2361 sacerdotem
1179 2295 1277 2360 delati
1301 2296 1383 2361 sunt'

153 2407 214 2481 (sc.
235 2405 405 2488 Iphigenia
426 2409 558 2472 Orestes
586 2407 724 2488 Pylades
751 2424 821 2471 cum
848 2406 972 2481 Dianae
1000 2405 1186 2484 simulacro)
1213 2405 1385 2484 transitum

152 2533 216 2580 non
238 2517 346 2598 parari
368 2518 409 2583 ad
432 2518 595 2598 sequentis
616 2516 741 2598 capitis,
763 2517 814 2582 cui
831 2517 973 2598 Chrysae
988 2535 1104 2582 nomen
1119 2515 1306 2598 inscriptum
1325 2523 1385 2599 est,

152 2628 323 2693 exordium.
346 2634 381 2693 at
403 2629 522 2693 dudum
545 2630 748 2695 observatum
775 2628 879 2693 estin
901 2626 962 2692 hoc
982 2628 1054 2709 ipso
1084 2626 1188 2710 capite
1209 2627 1383 2708 pessimam

150 2756 224 2803 osse
253 2726 419 2806 verborum
447 2743 570 2822 ‘postea
598 2739 735 2820 Chryses
757 2738 896 2804 Thoanti
927 2757 983 2805 eos
1013 2757 1083 2804 cum
1112 2739 1248 2804 reddere
1277 2739 1382 2806 uellet'

151 2854 185 2915 et
205 2868 234 2931 q.
254 2868 280 2916 a.
304 2868 375 2916 cum
397 2851 662 2933 praecedentibus
684 2851 937 2930 commissuram,
959 2868 1063 2932 neque
1084 2849 1118 2915 id
1141 2850 1226 2931 quod
1248 2856 1298 2916 est
1319 2870 1382 2919 nos

151 2961 324 3043 quidquam
342 2962 476 3043 habere,
498 2982 561 3045 quo
576 2962 688 3031 referri
703 2962 867 3028 commodo
884 2961 1001 3044 possit:
1023 2979 1174 3043 quaeres
1191 2960 1382 3045 CLangium

150 3073 221 3154 p.9
251 3076 435 3156 commovit,
462 3080 499 3141 ut
524 3073 682 3141 deiectum
710 3073 905 3139 narrationis
932 3074 1041 3141 nescio
1070 3091 1166 3154 quarn
1192 3091 1231 3137 ex
1256 3073 1382 3155 ingenio

152 3184 280 3266 explere
309 3192 444 3253 conatos
471 3186 522 3252 sit
549 3189 669 3268 quanto
697 3203 773 3250 vero
801 3185 919 3249 rectius
948 3184 1102 3251 orationis
1130 3185 1304 3250 membrum
1326 3185 1384 3250 im-

150 3301 324 3379 portunum
353 3298 412 3363 sub
435 3297 553 3362 exitum
576 3314 601 3362 c.
621 3297 707 3363 CXX
729 3296 953 3362 collocabImus
978 3296 1025 3361 sic
1045 3295 1160 3361 leuiter
1181 3296 1383 3362 emendatum

149 3411 274 3490 ‘postca
291 3408 429 3491 Chryses
445 3408 584 3474 Thoanti
605 3426 660 3473 eos
678 3425 747 3472 cum
766 3407 903 3473 reddere
921 3408 1026 3488 vellet,
1049 3406 1200 3488 Chryseis
1219 3413 1255 3472 ut
1272 3408 1383 3490 audiit,

150 3521 400 3601 Agamemnonis
421 3518 619 3603 Iphigeniam
648 3523 681 3584 et
702 3519 839 3585 Oresten
860 3518 943 3584 fihos
967 3537 1055 3599 esse,
1084 3518 1199 3600 Chrysi
1226 3518 1382 3601 filiosuo,

150 3630 228 3713 quid
245 3633 314 3696 veri
331 3636 426 3712 esset,
447 3629 607 3712 patefecit,
629 3649 685 3696 eos
701 3629 819 3696 fratres
835 3647 908 3696 esse
926 3635 959 3695 et
975 3631 1118 3712 Chrysen
1134 3631 1381 3711 Agamemnonis

149 3741 249 3806 filium
266 3741 356 3808 esse'.
378 3747 505 3808 restant
523 3743 651 3825 quidem
672 3742 768 3808 etiam
789 3746 875 3823 tunc,
896 3760 978 3823 quae
998 3741 1032 3805 in
1051 3740 1165 3822 capitis
1187 3740 1286 3822 initio,
1308 3748 1383 3823 post

148 3852 277 3919 lilium
301 3872 392 3919 esse
413 3854 598 3935 traiciendo,
620 3854 714 3919 aliter
735 3853 933 3919 conformata
953 3853 1042 3933 velia,
1063 3852 1123 3917 sed
1144 3851 1270 3917 interim
1289 3852 1381 3918 nobIs

148 3965 390 4030 demonstrasse
422 3964 575 4047 sulficIat,
608 3965 802 4031 narrationis
832 3963 1079 4046 perpetuitatem
1111 3963 1152 4028 ab
1185 3982 1223 4029 eo
1255 3965 1382 4028 demum

148 4076 362 4157 interruptam
385 4095 467 4157 esse,
489 4077 542 4158 qui
563 4076 676 4141 titulos
699 4076 917 4159 adspergeret.
962 4075 1077 4156 Capita
1096 4075 1198 4141 CXXI
1215 4079 1248 4139 et
1264 4074 1382 4141 CXXII

148 4187 291 4268 (Aletes)
316 4193 351 4251 ut
372 4187 487 4253 iterum
511 4194 631 4269 coeant,
654 4188 748 4257 unius
766 4186 912 4252 iocabuli
932 4187 1109 4252 adiectione
1117 4204 1208 4269 opus
1225 4190 1284 4274 est.
1316 4186 1382 4268 Hy-

148 4300 243 4382 ginus
267 4299 456 4381 scripserat:
481 4298 649 4362 laetorius
676 4299 721 4362 ud
740 4299 906 4362 Electrum
930 4300 1064 4362 rauracius
1080 4297 1188 4381 juleus
1204 4298 1292 4360 veuit
1307 4295 1382 4381 fru-

149 4419 230 4474 trem
255 4431 324 4474 cum
350 4409 476 4495 Pylade
496 4411 530 4472 io
554 4411 693 4474 ductricis
712 4408 828 4494 ficum
844 4410 980 4475 Dionae
996 4431 1065 4475 esce
1087 4409 1277 4473 immolatos.
1306 4427 1381 4474 nam
