3082 4950
820 204 865 272 94

695 428 770 507 sOI
792 443 953 528 Telephus

308 567 468 649 'l‘olephus
489 568 638 638 Herculis
660 579 693 639 et
709 578 818 661 Auges
835 581 919 648 filius
940 583 980 648 ab
996 583 1119 648 Achille
1136 583 1169 647 in
1187 603 1297 666 pugna
1314 584 1461 652 Chironis

199 690 317 763 sitista
340 696 512 759 percussus
537 681 661 750 dicitur.
692 706 730 753 ex
746 709 809 771 quo
827 693 958 760 vulnere
981 713 1050 759 cum
1074 694 1106 758 iu
1125 693 1195 759 dies
1212 699 1295 761 tetro
1319 698 1462 763 cruciatu

201 794 395 879 angeretur
418 791 501 873 petit
519 799 637 861 sortem
656 799 697 864 ab
713 803 877 886 Apolline,
899 807 984 887 quod
1004 813 1091 872 esset
1114 805 1302 873 remedium:
1326 827 1461 890 rospon-

203 926 293 985 sum
312 906 378 981 est,
399 901 429 969 ei
446 905 604 973 neminem
621 912 742 978 mederi
759 934 873 998 posse,
899 916 962 982 nisi
980 918 1143 994 †eandem
1163 916 1289 983 hastam
1309 937 1373 1001 qua
1393 921 1462 985 vul·

167 1021 356 1103 ,snorutus
380 1017 456 1079 orat.
489 1015 551 1082 hoo
573 1018 735 1104 Telephus
760 1027 815 1092 ubi
839 1028 959 1093 audivit
985 1028 1026 1092 od
1055 1046 1163 1110 regem
1189 1032 1461 1110 Agamemnonem

204 1129 310 1209 venit
323 1129 354 1191 et
370 1125 491 1191 monitu
505 1127 759 1210 Clytemestrae
775 1139 921 1211 Orestem
939 1139 1090 1205 infantem
1109 1140 1149 1207 de
1166 1139 1332 1205 cunabulis
1351 1142 1462 1223 rapuit

208 1239 391 1319 minitans,
421 1255 456 1303 se
479 1257 551 1307 eum
567 1246 759 1329 occisurum,
787 1250 849 1315 nisi
866 1251 927 1317 sibi
944 1251 1055 1317 Achivi
1071 1251 1284 1317 mederentur.
1327 1251 1460 1317 Achivis

210 1360 331 1431 autem
356 1349 440 1430 quod
463 1368 654 1435 responsum
678 1366 761 1441 erat,
791 1363 860 1428 sine
876 1363 1008 1444 Telephi
1031 1363 1129 1428 ductu
1147 1361 1274 1428 Troiam
1296 1363 1369 1444 oapi
1396 1382 1460 1429 non

210 1481 335 1559 posse,
366 1458 458 1527 facile
484 1481 554 1530 cum
573 1486 610 1534 eo
633 1470 667 1535 in
691 1472 827 1553 gratiam
850 1473 1015 1539 redierunt
1037 1479 1070 1540 et
1091 1474 1132 1540 ab
1147 1473 1272 1539 Achille
1287 1473 1460 1555 petierunt,

160 1593 203 1661 10
214 1591 254 1657 ut
282 1593 356 1644 eum
372 1580 510 1640 sanaret.
540 1579 654 1661 quibus
673 1585 813 1650 Achilles
829 1585 1010 1666 respondit,
1041 1604 1077 1651 se
1099 1591 1200 1651 artem
1216 1584 1371 1651 medicam
1395 1604 1459 1651 uon

215 1708 330 1767 nosse.
361 1693 437 1752 tuuc
461 1687 596 1772 Ulysses
626 1694 685 1760 ait:
720 1700 793 1762 ‘non
818 1701 851 1763 te
878 1697 956 1763 dicit
980 1697 1112 1780 Apollo,
1143 1699 1201 1763 ssd
1226 1693 1458 1780 aulcltorem

216 1797 409 1878 vulneris
431 1798 559 1869 hastam
574 1806 735 1872 nominat’.
764 1827 859 1890 quarn
876 1827 946 1873 cum
961 1808 1115 1875 rasisseut
1135 1808 1327 1874 remediatus
1347 1812 1408 1873 est.
1439 1827 1459 1873 a

218 1936 284 2005 quo
303 1929 373 1978 cum
388 1915 550 1996 peterent,
572 1921 609 1981 ut
628 1935 734 1983 secum
752 1919 793 1984 ad
809 1919 934 1983 Troiam
955 1920 1199 2006 expugnandam
1216 1918 1291 1998 iret,
1314 1937 1379 1983 nou
1400 1919 1457 1983 im-

220 2026 407 2116 petrarunt,
430 2026 515 2104 quod
538 2027 566 2093 is
588 2028 749 2094 Laodicen
767 2029 884 2094 Priami
904 2028 1002 2096 filiam
1022 2049 1152 2096 uxorem
1168 2028 1308 2095 haberet
1341 2031 1400 2096 sed
1417 2031 1457 2096 ob

170 2132 410 2213 tabeneficium
433 2137 518 2217 quod
536 2158 608 2205 eum
632 2146 786 2206 sanarunt
808 2159 862 2206 eos
886 2141 1025 2207 deduxit.
1046 2141 1134 2207 locos
1157 2146 1264 2206 autem
1285 2146 1319 2206 et
1339 2141 1459 2211 itinero

222 2246 471 2330 demonstravit,
491 2247 567 2316 inde
588 2251 620 2316 in
642 2250 778 2333 Mysiam
801 2256 852 2318 est
873 2251 1044 2334 profectus.

664 2486 687 2529 s
701 2448 757 2515 ΟΠ
777 2449 971 2515 Philoctetes

311 2582 502 2651 Philoctetes
524 2585 674 2652 Poeantis
690 2590 723 2650 et
741 2587 959 2653 Demonassae
975 2584 1059 2650 filius
1078 2604 1147 2651 oum
1164 2585 1196 2650 iu
1213 2583 1318 2651 insula
1334 2587 1459 2653 Lemno

225 2702 327 2777 esset,
349 2696 477 2763 coluber
494 2698 562 2764 eius
580 2699 693 2780 pedem
710 2697 884 2779 percussit,
906 2715 999 2778 quem
1020 2700 1200 2778 serpentem
1216 2695 1295 2760 Iuno
1315 2697 1458 2780 miserat,

224 2813 309 2878 irata
324 2807 354 2872 ei
372 2807 412 2873 oh
427 2807 459 2874 id
476 2809 551 2890 quia
565 2808 654 2874 solus
668 2815 796 2890 praeter
811 2811 980 2889 c[a}eteros
997 2826 1095 2873 ausus
1108 2806 1168 2872 luit
1179 2806 1326 2872 Herculis
1343 2828 1456 2891 pyram

173 2923 421 3000 20construere,
441 2937 510 2984 cum
530 2920 701 2985 humanum
723 2939 837 3002 corpus
861 2924 910 2985 est
927 2925 1054 2985 exutum
1071 2925 1104 2984 et
1126 2918 1168 2983 ad
1184 2917 1456 2987 immortalitatem

224 3031 386 3100 traditum.
408 3013 448 3096 ob
464 3030 498 3096 id
515 3029 700 3096 beneficium
712 3030 868 3097 Hercules
884 3050 959 3098 suas
976 3031 1112 3113 sagittas
1128 3028 1253 3095 divinas
1270 3029 1299 3095 ei
1313 3030 1457 3099 donavit.

226 3144 291 3212 Sed
305 3160 375 3208 cum
394 3142 505 3208 Achivi
523 3162 561 3208 ex
579 3141 709 3208 vulnere
727 3147 844 3207 tetrum
866 3144 994 3209 odorem
1011 3143 1094 3208 ferre
1112 3159 1174 3207 non
1191 3145 1341 3223 possent,
1363 3143 1458 3211 iussu

225 3254 471 3339 Agamemnonis
495 3254 582 3337 regis
607 3253 638 3319 iu
665 3254 785 3319 Lemno
811 3254 976 3336 expositus
1005 3259 1055 3321 est
1080 3271 1151 3319 cum
1176 3251 1303 3334 sagittis
1329 3254 1457 3323 divinis.

226 3387 318 3452 quem
334 3366 511 3449 expositum
531 3369 644 3448 pastor
664 3363 751 3447 regis
766 3365 891 3433 Actoris
908 3365 1035 3431 nomine
1048 3363 1251 3446 Iphimachus
1267 3365 1457 3449 Dolopionis

174 3481 216 3550 25
224 3478 309 3546 iilius
330 3479 469 3547 nutrivit.
513 3477 635 3556 Quibus
656 3481 770 3559 postea
785 3495 975 3560 responsum
1000 3482 1051 3543 est
1076 3477 1144 3543 sine
1162 3475 1309 3542 Herculis
1327 3478 1456 3560 sagittis

224 3591 350 3657 Troiam
368 3592 439 3674 capi
454 3611 516 3657 non
532 3608 638 3672 posse.
660 3593 736 3655 tunc
754 3592 968 3673 Agamemnon
983 3587 1132 3670 Ulyssem
1149 3592 1182 3654 et
1197 3586 1383 3655 Diomedem
1404 3609 1456 3657 ex·

292 3828 309 3873 4
327 3825 414 3873 melius
431 3826 494 3873 forat
511 3825 623 3874 ‘eundem
640 3824 735 3872 hostem
753 3839 769 3870 a
786 3821 857 3883 quo’3
875 3822 919 3870 sed
931 3837 1016 3869 vereor
1034 3837 1065 3870 ne
1076 3822 1190 3883 Hyginus
1208 3821 1334 3882 tempserit
1350 3822 1456 3871 Maeote

224 3924 357 3979 auctorent,
383 3920 453 3968 cuius
469 3918 713 3980 interpretamentum
730 3919 763 3966 sit
786 3918 812 3965 id
836 3917 902 3978 quod
926 3922 964 3965 cst
989 3918 1108 3965 ‘eamdem
1125 3917 1222 3964 hastam
1241 3930 1291 3976 qua
1308 3919 1455 3967 vulnuatus

225 4016 284 4064 erat’
332 4018 438 4076 eposse
455 4015 476 4061 F
493 4028 562 4061 nosce
579 4012 744 4061 errorcomm
791 4015 823 4060 15
842 4025 880 4057 eon
897 4027 945 4058 ooo
963 4011 1062 4060 deduxit
1079 4010 1126 4058 Seh
1145 4011 1198 4058 sina
1216 4024 1290 4059 cause
1338 4013 1372 4060 16
1390 4027 1455 4061 moe·

224 4110 287 4160 siam
304 4112 324 4158 F
342 4125 397 4158 corr
414 4110 453 4157 Bu
706 4165 709 4171 Ι

295 4209 325 4255 tt
344 4205 527 4254 demonasscP
549 4218 604 4250 corr
623 4202 707 4250 comm
728 4199 738 4264 ΙΙ
764 4199 875 4249 Tenedo?
901 4201 978 4248 schol.
1003 4197 1230 4249 Hom.11.Bta1
1256 4200 1299 4245 BL
1318 4214 1332 4246 e
1349 4201 1456 4262 Cypria·

225 4316 309 4350 corum
326 4301 390 4349 lihro
408 4299 495 4346 v1111⁰
544 4300 576 4345 20
593 4302 700 4343 catastam
717 4293 772 4341 coni
791 4295 852 4342 luda
868 4296 988 4343 Bonutius
1040 4297 1072 4342 24
1091 4295 1236 4355 phimoehus
1255 4293 1422 4354 Dolophiouis
1434 4296 1456 4341 h*

224 4409 279 4443 corr
296 4395 410 4445 Mainake
426 4393 493 4441 anal.
510 4392 580 4439 Alex.
598 4405 621 4451 p.
636 4393 668 4439 74
720 4392 752 4438 26
770 4390 924 4452 Diomedem]
944 4391 979 4439 sle
998 4389 1104 4438 Lesches
1122 4387 1148 4435 in
1166 4402 1245 4448 parva
1261 4387 1340 4435 Iliade
