3098 4950
777 208 840 276 152
946 237 949 243 ·

190 362 258 430 filia
278 363 442 447 Ephyren,
471 381 565 446 quarn
586 368 702 447 postea
724 364 909 431 Corinthum
931 365 1140 449 appellarunt.
1184 363 1308 432 Sardo
1331 360 1428 429 Sthe-

192 473 258 540 neli
273 473 340 541 filia
355 476 482 542 Sardis:
505 477 671 560 Cinyras
688 477 789 559 Paphi
805 476 890 543 filius
908 476 994 544 filiae
1010 496 1088 544 suae
1104 476 1232 544 nomine
1247 475 1427 559 Smyrnam.

193 586 373 652 Perseus
389 588 476 653 lovis
490 587 575 653 filius
593 589 754 669 Mycenas.
788 588 1021 655 Semiramis
1041 589 1184 655 Dercetis
1199 587 1267 654 filia
1283 587 1316 652 in
1332 574 1429 669 Syria

194 698 398 780 Babylonem.

554 894 738 962 CCLXXVI
759 896 889 963 Insulae
910 895 1065 961 maximae

168 1029 389 1098 5Mauritauia
410 1033 518 1116 posita
540 1034 581 1098 ad
605 1003 850 1099 solisoccasum
872 1032 904 1098 in
928 1032 1059 1098 circuitu
1082 1032 1188 1098 stadIa
1209 1032 1344 1098 LXXVI

198 1144 364 1225 Aegyptus
385 1145 418 1210 in
441 1146 510 1210 sole
533 1149 566 1210 et
588 1150 699 1211 austro
718 1145 825 1227 posita
845 1164 940 1228 quarn
957 1145 1049 1210 Nilus
1072 1143 1277 1210 circumlarat
1296 1144 1435 1209 circuItu

285 1255 415 1320 stadia*
510 1309 512 1314 ,

200 1363 361 1430 Siciliain
383 1367 538 1433 triscelo*
559 1368 667 1449 posita
689 1368 821 1434 circuitu
843 1367 950 1433 stadia
970 1364 1203 1432 XXXDLXX*
1237 1401 1239 1406 ·

202 1475 349 1542 Sardinia
371 1478 402 1543 in
426 1479 558 1544 circuitu
580 1480 688 1545 stadia
709 1480 816 1547 XCCL

153 1585 193 1651 10
201 1586 296 1652 Creta
323 1588 355 1654 in
377 1589 625 1673 longitudine**
652 1597 685 1656 et
713 1591 832 1673 oppida
851 1594 987 1672 utraque
1013 1593 1105 1672 parte
1133 1592 1258 1655 centum
1286 1587 1441 1670 possidet

288 1699 421 1766 circuitu
443 1703 550 1767 stadia
570 1702 655 1769 XXC

203 1809 326 1891 Cyprus
349 1813 457 1893 posita
477 1819 528 1879 est
547 1814 632 1879 inter
646 1814 829 1896 Aegyptum
852 1816 885 1878 et
907 1812 1044 1879 Africam
1066 1810 1178 1877 similis
1201 1815 1292 1877 scuto
1307 1811 1439 1877 Gallico

290 1920 450 1988 *circuitu
472 1925 577 1990 stadia
598 1925 698 1991 XLIC

206 2032 337 2098 Rhodus
359 2034 391 2099 in
414 2036 552 2100 rotundo
574 2036 681 2118 posita
703 2035 835 2100 olrcuitu
856 2034 964 2100 stadia
984 2035 1070 2102 XXC

157 2141 197 2207 15
206 2143 338 2209 Euboea
360 2146 532 2212 consimilis
555 2146 642 2212 arcui
665 2146 798 2211 circuitu
819 2145 925 2212 stadia
946 2146 1057 2214 XXCC

207 2255 345 2338 Corcyra
367 2275 444 2339 ager
464 2259 567 2324 bouus
590 2258 722 2324 circuitu
745 2257 850 2324 stadia
871 2257 956 2324 XXC

206 2367 353 2449 †Syci0n
376 2387 453 2451 ager
473 2371 575 2437 bonus
598 2370 730 2436 circuitu
753 2370 859 2436 stadia
880 2368 966 2434 mille
989 2372 1114 2434 centum

208 2480 355 2544 Tenedos
377 2479 483 2547 insula
505 2487 621 2571 contra
636 2483 729 2548 Iliurn
753 2482 885 2548 clrcuitu
907 2480 1013 2547 stadia
1035 2479 1121 2546 MCC

209 2591 340 2657 Corsica
362 2610 440 2675 ager
458 2593 622 2675 pessimus
645 2595 778 2660 circuitu
800 2593 907 2660 stadia
928 2593 1042 2658 MCXX

158 2702 201 2766 20
210 2702 364 2784 Cyclades
379 2703 504 2770 insulae
519 2711 594 2771 sunt
609 2725 730 2788 novem,
745 2706 779 2771 id
795 2709 846 2770 est
857 2705 983 2770 Andros
996 2705 1147 2787 Myconos
1160 2702 1259 2769 Delos
1268 2703 1446 2784 Ten[ed]os

295 2814 402 2881 Naxos
426 2816 578 2901 Seriphos
601 2819 727 2902 Gyarus
749 2818 849 2884 Paros
871 2817 990 2883 Rhene.
1021 2901 1029 2923 Ι

495 3014 694 3081 CCLXXVII
714 3016 832 3080 Rarum
853 3014 1035 3079 inventores
1057 3010 1152 3094 primi
1263 2994 1266 2999 ’

297 3151 454 3216 Parcae
481 3151 594 3217 Clotho
619 3150 772 3217 Lachesis
792 3151 932 3232 Atropos
955 3149 1145 3215 invenerunt
1171 3146 1281 3213 literas
1306 3165 1448 3230 graecas

214 3268 336 3346 septem
357 3267 429 3328 AB
439 3269 460 3340 †
470 3267 557 3328 HTI
560 3267 600 3344 Y,
625 3262 679 3328 alii
698 3262 808 3328 dicunt
824 3261 1014 3327 Mercurium
1031 3279 1069 3326 ex
1084 3277 1197 3343 gruum
1214 3258 1339 3340 volatu,
1362 3277 1449 3341 quae

214 3456 271 3503 iude
294 3471 308 3502 a
326 3455 455 3503 Eleusinae
473 3489 478 3501 .
498 3489 503 3502 .
523 3489 528 3502 .
548 3454 635 3502 Cardia
654 3459 826 3503 enumerentur
843 3452 934 3514 oppida
958 3451 1129 3500 anominibus
1147 3449 1301 3498 conditorum
1318 3450 1450 3510 appellata

217 3553 229 3596 1
249 3549 342 3610 Sardis]
362 3551 430 3597 Neue
447 3551 572 3598 Formenl.
590 3551 602 3596 l
619 3565 644 3610 p.
658 3550 706 3597 25⁷
761 3552 774 3596 2
794 3562 898 3610 cynarae
916 3547 937 3594 F
955 3561 1010 3594 corr
1027 3545 1070 3593 Mu

285 3642 435 3690 CCLXXVI
451 3649 525 3704 caput
543 3645 608 3691 delet
624 3643 792 3691 OSohneider
811 3644 841 3690 de
859 3642 956 3690 CaIIIm.
974 3640 1043 3689 aetiis
1061 3655 1084 3700 p.
1103 3643 1116 3688 ⁷
1136 3639 1166 3686 cf·
1186 3638 1287 3686 Aristot.
1305 3639 1336 3686 de
1352 3639 1450 3686 mundo

216 3736 284 3784 Stoh.
302 3738 347 3783 ool.
365 3738 436 3798 phys.
455 3738 466 3783 Ι
484 3741 525 3798 Aa,
545 3742 558 3786 2
577 3753 600 3798 p.
615 3740 663 3786 654
681 3739 757 3786 Hoer.
773 3738 871 3799 Apulej.
889 3739 919 3785 de
936 3736 1028 3800 mundo
1046 3750 1070 3795 p.
1085 3735 1132 3781 262
1152 3733 1190 3780 ed.
1210 3731 1287 3779 Soriv.
1334 3735 1365 3780 le
1384 3730 1450 3780 Cor-

216 3831 313 3892 syan
366 3833 397 3878 20
415 3831 493 3879 MIoos
511 3837 535 3879 et
553 3836 582 3880 21
603 3834 687 3881 tardos
706 3834 737 3890 F,
757 3848 811 3880 oorr
829 3832 885 3880 llio.
904 3832 921 3878 i.
939 3846 964 3878 m
983 3827 995 3898 ΙΙ
1016 3842 1131 3878 numeros
1148 3842 1197 3874 non
1215 3826 1286 3886 attigi

285 3924 446 3973 CCLXXVII
457 3929 575 3975 falluntur
587 3928 628 3988 qui
640 3929 810 3990 interpolatori
822 3929 933 3976 tribuunt
944 3928 974 3974 of.
983 3924 1082 3974 Dosith.
1094 3937 1117 3983 p.
1130 3924 1170 3970 67.
1182 3935 1260 3980 nequa
1273 3917 1452 3968 accuxxw

217 4028 254 4071 est
272 4023 399 4079 avulsum,
426 4036 489 4082 quae
506 4023 622 4070 Bursiani
639 4024 685 4070 fuit
707 4024 828 4070 sententia
845 4024 890 4069 IlB
908 4021 991 4068 XCIII
1009 4036 1031 4081 p.
1047 4020 1109 4077 783,
1137 4017 1180 4064 sad
1202 4013 1336 4074 antiquitus
1359 4014 1453 4074 capitis

218 4118 290 4165 huius
309 4117 435 4164 exordium
453 4122 505 4164 erat
557 4120 588 4164 22
607 4119 700 4164 Parcae
719 4115 801 4183 {idest}
822 4123 864 4164 aut
878 4117 967 4163 Parcae
982 4113 1072 4179 [Clotho
1085 4111 1198 4158 Lachesis
1210 4107 1326 4170 Atropos]
1345 4109 1412 4156 coni.
1426 4107 1453 4160 Σ

219 4213 333 4260 nlmirum
358 4212 491 4259 Parcarum
517 4227 566 4260 una
592 4214 700 4274 loquitur
726 4215 805 4261 altera
829 4212 915 4260 scribit
939 4211 1073 4260 secuudum
1099 4205 1212 4254 Servium
1238 4209 1262 4251 at
1286 4202 1364 4264 myth.
1392 4203 1453 4251 vm.

218 4325 244 4370 p.
258 4309 319 4367 187,
339 4310 370 4355 36
433 4308 464 4354 23
489 4304 515 4356 Η
540 4323 590 4354 nou
607 4309 741 4372 Parcarum
767 4311 804 4355 est
826 4298 1021 4354 serisSImonidis
1043 4303 1184 4358 inventum,
1210 4303 1304 4346 sextam
1326 4296 1405 4356 Igitur
1431 4303 1457 4346 et

219 4403 348 4463 septimam
365 4401 507 4461 ignoramus
528 4398 537 4468 ll
560 4399 621 4452 [ΤΥ
639 4403 694 4450 coni
712 4402 750 4463 Σ,
775 4407 802 4448 ut
818 4399 944 4460 alphabeti
961 4400 1023 4445 duae
1041 4396 1134 4457 prlores
1158 4397 1182 4440 et
1199 4392 1347 4452 posteriores
1364 4391 1457 4441 literae
