3082 4950
692 232 768 301 XIX

117 389 229 454 Altera
248 394 411 454 ternarum
431 385 610 453 fabularum
631 385 765 467 familia,
792 405 887 468 quam
908 386 1041 452 Danaen
1065 385 1182 451 ducere
1203 383 1350 463 vidimus,

118 518 156 566 eo
170 500 358 578 continetur,
380 498 465 580 quod
481 497 600 580 gemini
614 497 744 563 fuerunt
755 498 898 564 Acrisius
914 499 1043 563 Danaes
1059 502 1152 578 pater
1169 502 1201 563 et
1213 495 1350 563 Proetus

118 611 338 679 Stheneboeae
355 610 490 675 maritus
507 609 655 691 idemque
671 609 928 691 Bellerophontis
950 608 1121 675 castissimi
1136 607 1258 675 iuvenis
1275 606 1351 672 insi·

118 722 232 787 diator.
255 739 358 802 neque
381 720 587 787 vehementer
608 721 869 803 vituperaverim,
892 721 1004 786 ordine
1027 739 1064 786 ex
1086 726 1197 786 nostro
1220 718 1352 785 consilio

119 834 285 898 immutato
309 832 438 898 Danaes
461 837 536 898 aute
555 832 788 898 Sthenebocam
808 831 878 899 fieri
895 832 1096 911 mentionem,
1119 849 1189 897 cum
1211 831 1243 895 iu
1266 834 1353 895 vete·

119 943 208 1010 ribus
232 944 327 1009 etiam
349 943 491 1009 historiis
514 943 629 1009 Acrisii
650 944 781 1009 Danaes
802 945 905 1025 patris
928 941 1147 1009 maioriuerit
1168 942 1353 1019 auotoritas,

119 1074 214 1137 quam
230 1055 338 1120 Proeti
352 1055 443 1136 regni
461 1053 616 1135 lisyuthii
633 1055 817 1121 conditoris.
841 1072 1031 1138 quamquam
1047 1059 1121 1119 utra
1135 1051 1243 1119 fabula
1265 1058 1354 1119 ante·

120 1167 203 1232 riore
221 1167 264 1232 sit
279 1165 349 1231 loco
367 1166 552 1231 collocanda
567 1165 651 1233 inira
671 1166 884 1248 dIspiciamus.
929 1167 1021 1232 Nunc
1035 1169 1205 1247 postquam
1225 1164 1354 1231 demon·

122 1277 293 1343 stravimus
309 1295 335 1342 c.
349 1277 624 1343 XLVHl-LXV
640 1297 658 1343 e
675 1282 812 1358 quatuor
828 1276 994 1360 particulis
1009 1274 1146 1343 conflatu
1160 1294 1233 1341 esse
1249 1294 1355 1357 posse,

122 1408 205 1455 nova
227 1389 328 1455 oritur
350 1388 509 1470 quaestio,
540 1393 645 1454 utrum
669 1390 710 1454 ab
731 1388 803 1470 ipso
831 1388 905 1454 libri
932 1393 1061 1455 auctore
1087 1387 1149 1454 hae
1179 1387 1355 1468 particulae

123 1502 188 1566 sint
209 1499 381 1582 proiectae,
403 1518 443 1564 an
467 1499 494 1564 si
512 1518 574 1564 uon
591 1518 700 1565 omnes
716 1499 888 1565 nonnullae
904 1503 990 1565 certe
1007 1517 1118 1563 earum.
1134 1498 1355 1563 recludendae.

122 1614 228 1693 ¹Atque
250 1612 385 1677 alteram
408 1610 534 1692 quidem
554 1610 752 1692 quaestionis
774 1615 898 1692 partem
918 1610 998 1676 solvi
1012 1628 1110 1691 posse
1127 1609 1258 1675 confido.
1281 1628 1356 1676 nam

123 1741 194 1788 cum
211 1722 359 1804 Hyginus
381 1721 702 1788 transmutationibus
725 1721 808 1787 inira
825 1721 1018 1803 peculiarem
1037 1720 1141 1787 locum
1163 1720 1358 1787 concesserit

124 1838 157 1900 ct
177 1833 254 1899 iude
276 1851 295 1898 a
317 1850 342 1898 c.
361 1833 581 1900 CLXXXXIII
610 1852 665 1899 eos
688 1833 980 1899 commemoraverit
1008 1831 1061 1913 qui
1087 1837 1164 1898 sunt
1191 1833 1223 1896 in
1247 1833 1356 1899 stellas

123 1944 227 2025 relati,
249 1962 269 2010 a
291 1962 317 2009 e.
332 1943 554 2010 CLXXXVIII
576 1949 682 2010 autem
700 1963 766 2026 eas,
789 1961 871 2026 quae
888 1944 992 2010 autin
1011 1962 1088 2009 aves
1108 1948 1163 2009 aut
1177 1944 1209 2009 in
1226 1944 1356 2010 arbores

125 2061 202 2122 sunt
218 2061 360 2121 mutatae
376 2055 487 2138 (Hyas
504 2104 511 2118 .
528 2102 534 2116 .
551 2102 558 2117 .
587 2055 702 2133 Venus,
720 2055 843 2120 Nisus.
863 2100 870 2118 .
889 2103 895 2116 .
919 2055 1136 2138 llorpalyce),
1160 2056 1211 2121 vel
1227 2061 1359 2137 propter

124 2168 207 2235 hauc
229 2185 376 2233 caussam
399 2167 499 2233 solam
517 2185 631 2248 parum
652 2167 817 2249 probabile
836 2172 887 2232 est
904 2166 1038 2233 aliarum
1055 2168 1358 2235 transmutatiouum

125 2277 269 2360 exempla
292 2277 354 2345 alio
376 2268 542 2345 luccesse
563 2277 737 2359 proposita.
767 2279 888 2343 accedit
914 2277 1000 2359 quod
1026 2277 1106 2344 hacc
1128 2279 1271 2361 exempla
1292 2297 1357 2344 non

123 2389 254 2472 propria
269 2388 414 2456 Minerva
435 2388 611 2470 composita
628 2389 686 2455 scd
708 2394 744 2453 ut
759 2407 809 2454 me
831 2388 937 2453 dicere
952 2388 1089 2468 memini,
1111 2389 1229 2454 alibro
1251 2390 1357 2472 aliquo

125 2500 423 2581 metamorphoseon
446 2499 660 2580 transscripta
680 2497 905 2580 videantur*);
936 2498 1073 2580 denique
1100 2501 1186 2581 quod
1214 2502 1357 2567 cumbis

125 2617 193 2678 turn
209 2602 435 2677 sceleratorum
453 2610 605 2691 exemplis
622 2610 738 2678 tertiae
753 2608 931 2675 fabularum
946 2608 1086 2676 familiae
1101 2611 1202 2678 series
1219 2612 1358 2693 (Daune

127 2722 340 2788 Andromeda
356 2758 398 2769 -
415 2719 634 2803 Stheneboea)
653 2721 805 2787 temerius
827 2721 958 2786 turbata
979 2725 1039 2801 est
1059 2740 1154 2804 quam
1174 2729 1210 2788 ut
1232 2725 1357 2808 culpam

126 2833 247 2901 auctori
267 2834 426 2916 imputare
453 2832 596 2900 velimus.
625 2833 687 2897 hoc
712 2836 852 2913 constat,
881 2833 1184 2901 transmutationem
1211 2841 1244 2901 et
1271 2835 1359 2903 neia-

125 2946 243 3011 n'orum
270 2943 386 3011 fabulis
416 2943 620 3026 proscriptis,
649 2943 812 3026 iungenda
839 2962 902 3009 uon
934 2944 1078 3010 distrahi.
1127 2944 1191 3013 Sed
1218 2947 1359 3029 reliquae

125 3055 253 3121 fabulae
274 3056 432 3123 XLVIIII.
461 3057 497 3123 L.
521 3057 571 3123 LI
601 3057 715 3123 LXIII.
743 3056 815 3123 IIII.
843 3055 933 3120 LVII
963 3061 1068 3121 utrum
1095 3056 1177 3124 bene
1205 3059 1290 3125 coire
1318 3079 1359 3128 au

127 3166 226 3233 dilabi
242 3167 383 3232 dicamus
401 3165 561 3232 difficillus
580 3174 631 3232 est
644 3166 803 3232 iudicium.
826 3165 955 3231 defendi
970 3167 1203 3248 quodammodo
1220 3171 1360 3252 capitum

126 3276 328 3343 XLIII-LI
356 3295 453 3360 posse
474 3279 713 3359 possessionem
736 3296 834 3359 supra
863 3275 1104 3359 affirmavimus
1132 3279 1230 3347 libere
1252 3287 1360 3351 tamen

129 3386 290 3467 confiteor,
312 3387 433 3470 legenti
450 3389 526 3456 mihi
542 3389 657 3471 capitis
677 3389 779 3456 XLIX
794 3389 876 3454 haec
892 3389 1003 3454 verba:
1027 3391 1243 3474 Aesculapius
1259 3394 1361 3476 Apol·

129 3501 204 3565 lituis
225 3498 312 3583 filiam
331 3500 457 3565 Glauco
474 3501 599 3567 Minois
613 3499 684 3584 filio
700 3504 799 3565 aulum
816 3500 1001 3565 reddidisse
1024 3503 1110 3567 siae
1130 3502 1207 3586 Hip
1213 3507 1360 3588 polylo
1448 3564 1449 3569 ,

129 3612 249 3679 dis-lau·
274 3611 486 3691 suspicionem
515 3612 654 3694 aliquam
676 3612 846 3678 subnotem
876 3628 957 3677 esse.
1001 3612 1123 3679 Vereor
1149 3614 1361 3698 animaelli,

129 3725 214 3803 quod
237 3728 289 3787 est
305 3721 391 3788 sive
407 3723 629 3806 Hippolyto
651 3724 691 3790 ab
710 3730 840 3789 auctore
859 3723 1017 3805 congeriei
1034 3728 1165 3794 nostrae
1183 3727 1278 3793 scribi
1298 3748 1360 3795 nou

129 3833 284 3916 potuerit,
317 3834 375 3898 sed
406 3852 426 3899 a
446 3819 640 3900 recensionis
669 3840 799 3903 nostrae
821 3840 952 3900 auctore
973 3834 1097 3903 illatum
1121 3837 1178 3918 sit,
1208 3846 1245 3905 ut
1265 3840 1362 3905 iuter-

198 4031 223 4093 *)
241 4035 354 4093 spectant
365 4031 463 4092 quidem
476 4033 508 4078 ad
526 4047 546 4080 c.
559 4033 643 4080 LVIII
660 4032 742 4094 cupita
755 4032 876 4080 CCXLII.
891 4032 1010 4081 CCLXX.
1025 4035 1169 4096 CCLXXV,
1189 4038 1220 4083 ad
1232 4053 1253 4084 c.
1266 4038 1362 4087 LVIIII

131 4132 205 4187 caput
222 4126 363 4186 CCXLIllq
390 4128 433 4174 sed
452 4127 543 4174 factum
561 4141 615 4175 esse
633 4132 725 4188 potest,
750 4132 778 4174 ut
801 4128 963 4187 interpolator
988 4129 1073 4176 tertilue
1091 4145 1188 4190 quoque
1211 4132 1276 4190 parti
1294 4133 1362 4180 addi-

130 4227 214 4269 menta
237 4236 282 4269 sua
305 4221 412 4268 Inierret.
437 4235 515 4281 neque
538 4223 678 4282 pepercisse
703 4236 757 4268 eum
780 4221 838 4268 huic
860 4222 924 4282 parti
947 4229 1050 4282 apparet
1073 4239 1093 4272 e.
1107 4240 1126 4270 c.
1152 4239 1164 4271 e
1190 4226 1268 4283 capite
1287 4224 1362 4274 CCLI

131 4314 255 4376 ‘Orpheus
274 4349 280 4361 .
299 4353 304 4362 .
324 4349 329 4360 .
348 4314 439 4372 suum',
464 4329 527 4374 quas
550 4315 628 4362 rerba
652 4317 684 4362 ad
708 4331 728 4362 e.
747 4314 873 4362 CLXIVB
890 4315 1020 4363 manifesto
1044 4318 1152 4378 spurium
1176 4319 1323 4382 respiciuut3
1349 4337 1363 4370 e

132 4424 153 4458 c.
170 4400 247 4459 CCLI
265 4411 321 4458 ooll.
340 4424 360 4456 c.
373 4409 475 4457 CLXIV
483 4417 497 4448 0
515 4414 539 4458 et
556 4425 576 4457 e.
591 4407 668 4457 CCLI
685 4409 888 4470 (amusement.
908 4425 929 4460 c.
943 4408 1080 4459 CXXXVI.

1094 4509 1130 4545 Ἠ
1140 4513 1159 4566 2
