3082 4950
680 241 740 309 113

94 400 187 478 pater
210 394 392 479 insepultus
414 395 541 461 iaceret.
572 414 721 477 quocum
744 397 903 478 venisset,
932 417 1028 480 super
1045 416 1161 480 corpus
1184 402 1327 481 parentis

94 508 126 572 in
145 508 258 573 arbore
279 506 452 589 suspendio
478 525 514 572 se
533 507 666 573 necavit.
697 509 738 573 ob
763 511 847 590 quod
863 508 982 584 factum
998 509 1094 575 Liber
1116 516 1209 592 pater
1225 511 1327 578 iratus

94 618 338 684 Atheniensium
362 617 445 682 filias
471 618 566 683 simili
588 637 692 700 poena
714 618 834 684 afflixit.
857 620 898 685 de
923 640 960 686 ea
982 640 1017 687 re
1044 620 1084 686 ab
1107 621 1255 703 Apolline
1278 642 1327 688 re·

95 748 247 811 sponsum
267 729 436 811 petierunt
459 730 573 811 quibus
592 748 782 812 responsum
798 728 884 812 est*,
906 723 991 812 quod
1010 732 1103 796 Icarii
1124 738 1157 797 et
1170 733 1326 815 Erigones

95 848 230 909 mortem
251 840 476 923 neglexissent.
500 860 561 923 quo
583 860 740 922 responso
763 842 803 906 de
825 842 1011 923 parentibus
1030 843 1221 925 supplicium
1243 845 1356 910 sum-5

94 959 231 1036 pserunt
247 958 281 1019 et
299 953 460 1034 Erigonae
477 952 559 1018 diem
580 951 698 1018 festum
715 952 923 1019 oscillationis
945 954 1148 1036 pestilentiae
1168 973 1266 1020 causa
1281 956 1328 1020 in-

94 1065 284 1146 stituerunt,
307 1068 339 1128 et
355 1068 391 1128 ut
408 1083 466 1145 per
481 1063 671 1128 vindemiam
697 1066 738 1130 de
755 1063 899 1146 frugibus
916 1064 1017 1130 Icario
1036 1071 1069 1130 et
1083 1065 1243 1148 Erigonae
1264 1067 1328 1148 pri-

94 1196 180 1243 mum
207 1175 392 1241 delibarent.
414 1211 455 1221 —
500 1175 572 1254 [Qui
596 1176 727 1241 deorum
751 1175 915 1241 voluntate
931 1175 963 1241 in
983 1180 1141 1241 astrorum
1164 1196 1327 1243 numerum

95 1294 172 1352 sunt
188 1286 295 1352 delati.
338 1287 478 1367 Erigone
501 1285 627 1368 signum
649 1286 838 1369 uirginis,
860 1305 954 1368 quam
970 1305 1029 1352 nos
1044 1287 1203 1353 Iustitiam
1220 1288 1328 1370 appel·

94 1398 208 1475 lamus,
229 1397 351 1463 Icarius
370 1402 551 1462 arcturus
566 1396 599 1462 in
618 1397 776 1463 sideribus
794 1402 844 1463 est
860 1397 973 1478 dietus
991 1398 1079 1463 canis
1096 1405 1203 1464 autem
1218 1400 1329 1465 Maera
1340 1403 1380 1466 10

96 1509 305 1588 canicula]

577 1704 714 1789 toxxxl
734 1706 850 1790 Nysus)

180 1840 277 1906 Liber
304 1859 375 1907 cum
401 1840 433 1906 in
460 1840 585 1906 Indiam
612 1841 783 1906 exercitum
809 1843 954 1922 duceret,
986 1842 1073 1925 Nyso
1101 1843 1235 1908 nutricio
1260 1862 1328 1924 suo,

37 1951 46 1963 ‘
97 1953 172 2017 dum
201 1954 273 2034 ipse
302 1953 377 2018 inde
405 1951 542 2032 rediret,
575 1952 665 2034 regni
694 1953 837 2019 Thebani
865 1957 1060 2035 potestatem
1091 1953 1239 2020 tradidit:
1270 1956 1328 2020 sed

94 2069 304 2146 posteaquam
328 2063 403 2128 inde
425 2082 573 2129 reversus
602 2068 653 2129 est
678 2063 789 2145 Liber,
820 2064 927 2146 Nysus
951 2083 1050 2146 regno
1075 2066 1187 2130 cedere
1216 2067 1327 2132 noluit.

95 2175 193 2240 Liber
222 2174 449 2240 cum'nutricio
477 2177 670 2241 contendere
695 2175 797 2241 noluit
821 2193 1001 2257 passusque
1027 2180 1078 2241 est
1099 2195 1170 2240 eum
1195 2196 1326 2260 regnum
1338 2179 1379 2244 15

97 2287 257 2368 obtinere,
288 2287 364 2351 dum
382 2286 508 2351 occasio
527 2286 589 2352 sibi
608 2286 698 2368 regni
723 2287 932 2368 recuperandi
949 2287 1088 2352 daretur.
1118 2286 1228 2369 itaque
1252 2295 1328 2372 post

97 2416 214 2463 annum
239 2397 369 2464 tertium
395 2414 465 2462 cum
492 2415 530 2462 eo
555 2397 639 2462 redit
661 2397 695 2461 in
718 2397 870 2479 gratiam,
901 2397 1092 2478 simulatque
1115 2396 1147 2462 in
1169 2418 1268 2481 regno
1293 2419 1329 2465 se

97 2526 191 2575 sacra
208 2508 314 2574 faeere
330 2507 426 2590 velle,
457 2526 539 2607 quae
562 2507 726 2573 trieterica
747 2509 910 2590 dicuntur,
937 2507 1086 2590 quoniam
1108 2514 1184 2589 post
1199 2510 1327 2575 tertium
1396 2486 1404 2502 ’

96 2639 215 2685 annum
234 2619 388 2701 faciebat,
409 2619 591 2700 militesque
613 2617 758 2684 muliebri
782 2625 896 2685 ornatu
918 2638 977 2701 pro
995 2618 1130 2685 Bacchis
1153 2619 1329 2686 introduxit

96 2735 129 2797 et
150 2732 272 2813 Nysum
295 2730 381 2813 cepit
401 2747 597 2813 regnumque
618 2748 712 2795 suum
733 2732 941 2812 recuperavit.
1337 2733 1380 2797 20

536 2926 690 3009 lOXXXII
711 2928 884 3016 Lycurgus}

180 3066 345 3148 Lycurgus
362 3062 515 3145 Dryantis
535 3063 621 3129 filius
637 3063 786 3129 Liberum
811 3064 851 3130 de
873 3081 971 3146 reguo
989 3063 1120 3146 fugavit
1142 3082 1235 3146 quem
1257 3082 1326 3129 cum

96 3181 231 3259 negaret
246 3176 339 3240 deum
356 3193 429 3240 esse
447 3174 618 3256 vinumque
632 3173 767 3240 bibisset
782 3179 815 3240 et
832 3175 939 3240 ebrius
953 3181 1088 3240 matrem
1105 3193 1195 3240 suam
1210 3174 1328 3240 violare

96 3287 261 3368 voluisset,
283 3291 359 3351 tune
376 3286 458 3351 vites
475 3284 621 3351 excidere
639 3289 690 3350 est
705 3290 853 3366 conatus,
876 3287 961 3367 quod
978 3286 1105 3373 diceret,
1116 3284 1195 3349 illud
1211 3286 1328 3350 malum

96 3399 361 3465 medicamentum
380 3415 469 3478 esse,
490 3397 574 3479 quod
589 3400 712 3462 mentes
728 3396 920 3463 immutaret.
944 3396 997 3479 qui
1013 3395 1139 3461 insania
1155 3395 1195 3460 ab
1212 3395 1327 3461 Libero

97 3509 222 3576 obiecta
237 3526 368 3575 uxorem
389 3525 479 3575 suam
498 3507 645 3574 etlilium
664 3507 831 3574 interfecit.
853 3508 1021 3592 ipsumque
1037 3508 1217 3590 Lycurgum
1233 3506 1329 3574 Liber
1337 3509 1379 3576 25

98 3759 145 3808 del.
165 3758 287 3820 Eyssenh.
305 3772 361 3807 corr
379 3756 415 3824 Σ)
432 3759 559 3820 requirens
577 3759 662 3808 esuis&
686 3759 746 3817 hoc,
764 3772 838 3818 quam
855 3757 881 3804 id
899 3759 964 3818 quod
982 3762 1020 3806 est
1037 3756 1136 3819 ‘pater’,
1155 3757 1236 3806 delere
1253 3759 1329 3806 malni

99 3851 112 3921 ΙΙ
123 3854 223 3914 erigone
240 3854 261 3900 E
278 3866 334 3900 corr
351 3852 438 3901 Comm
491 3862 503 3902 1
523 3869 586 3913 qaae
602 3869 654 3902 eam
671 3852 772 3900 emisset
788 3850 831 3899 ubi
841 3859 915 3914 pater
932 3844 1168 3913 insepultoa'a’aceret
1184 3852 1275 3900 frustra
1290 3854 1329 3900 Bu

97 3951 113 3996 4
132 3955 167 3995 eet
185 3947 255 4013 Ιίναπι
273 3947 355 3995 Laberi
370 3945 427 4013 ccccl
447 3948 512 4006 qaod
528 3948 583 3996 coni
602 3946 626 3998 Σ
686 3951 701 3996 6
720 3947 819 4007 erigone
837 3947 857 3992 F
875 3961 929 3994 corr
948 3945 1035 3994 Comm
1093 3950 1108 3995 8
1127 3946 1292 3994 deliberarent
1309 3948 1329 3993 1⁴*

97 4057 153 4091 corr
170 4042 227 4090 Mic.
240 4043 257 4089 i.
270 4057 295 4090 m
313 4047 337 4090 et
353 4043 416 4090 luda
432 4042 554 4090 Bonutius
598 4043 612 4089 9
630 4042 753 4091 iusticiam
770 4042 791 4087 E
808 4055 863 4088 corr
882 4041 969 4088 Comm
1015 4043 1131 4089 lomere
1149 4042 1169 4087 d
1189 4037 1200 4108 [1
1221 4041 1251 4088 cf.
1269 4042 1330 4088 Era-

97 4136 224 4186 tosthenes
242 4150 282 4197 sp.
302 4137 380 4185 schol.
397 4137 471 4184 Hom.
488 4139 518 4184 Il.
537 4137 561 4183 X
580 4140 620 4197 29,
638 4151 711 4198 quem
730 4122 850 4197 expressit
866 4139 949 4183 noster

168 4228 282 4298 {CXXXI
299 4228 382 4296 Nisus!
402 4232 450 4279 add
467 4231 585 4294 Micyllus
637 4234 668 4279 ta
687 4231 748 4278 Niso
765 4231 786 4276 E
804 4244 859 4277 corr
876 4229 919 4303 diu
967 4231 999 4277 14
1017 4230 1125 4278 nisusE
1177 4231 1208 4277 19
1218 4228 1329 4289 fiedaatl

99 4327 133 4373 20
151 4324 234 4374 nisum
252 4326 272 4372 E

169 4416 295 4483 {cxxxu
306 4418 441 4485 Lyeurgusl
459 4420 509 4467 add
520 4418 636 4479 Micyllus
682 4421 713 4467 21
733 4417 838 4467 driantis
855 4418 876 4465 E
893 4431 948 4465 corr
966 4417 1009 4466 Mu
1052 4420 1084 4467 2⁶
1101 4417 1179 4478 pisam
1198 4417 1331 4486 ldeailquel

150 4511 178 4550 u.
192 4510 292 4557 muniet,
306 4512 379 4558 synna
396 4512 480 4551 sanum
1107 4519 1124 4570 3
