<?xml version="1.0" encoding="UTF-8"?>
<!DOCTYPE html PUBLIC "-//W3C//DTD XHTML 1.0 Transitional//EN"
    "http://www.w3.org/TR/xhtml1/DTD/xhtml1-transitional.dtd">
<html xmlns="http://www.w3.org/1999/xhtml" xml:lang="en" lang="en">
 <head>
  <title>
</title>
<meta http-equiv="Content-Type" content="text/html;charset=utf-8" />
  <meta name='ocr-system' content='tesseract 3.04.00' />
  <meta name='ocr-capabilities' content='ocr_page ocr_carea ocr_par ocr_line ocrx_word'/>
</head>
<body>
  <div class='ocr_page' id='page_1' title='image "./hyginifabulae00hygigoog_0184.png"; bbox 0 0 3082 4950; ppageno 0'>
   <div class='ocr_carea' id='block_1_1' title="bbox 687 240 748 306">
    <p class='ocr_par' dir='ltr' id='par_1_1' title="bbox 687 240 748 306">
     <span class='ocr_line' id='line_1_1' title="bbox 687 240 748 306; baseline 0 -1"><span class='ocrx_word' id='word_1_1' title='bbox 687 240 748 306; x_wconf 80' lang='lat'><strong>123</strong></span> 
     </span>
    </p>
   </div>
   <div class='ocr_carea' id='block_1_2' title="bbox 21 386 1410 2146">
    <p class='ocr_par' dir='ltr' id='par_1_2' title="bbox 103 386 1410 1589">
     <span class='ocr_line' id='line_1_2' title="bbox 104 386 1330 477; baseline -0.005 -18"><span class='ocrx_word' id='word_1_2' title='bbox 104 395 228 477; x_wconf 91' lang='lat' dir='ltr'><strong>positas</strong></span> <span class='ocrx_word' id='word_1_3' title='bbox 251 395 325 460; x_wconf 90' lang='lat' dir='ltr'><strong>inde</strong></span> <span class='ocrx_word' id='word_1_4' title='bbox 341 395 473 477; x_wconf 81' lang='lat' dir='ltr'>Hyadas</span> <span class='ocrx_word' id='word_1_5' title='bbox 496 394 572 475; x_wconf 84' lang='lat' dir='ltr'><strong>dici3</strong></span> <span class='ocrx_word' id='word_1_6' title='bbox 595 394 738 460; x_wconf 88' lang='lat' dir='ltr'><strong>nonnulli</strong></span> <span class='ocrx_word' id='word_1_7' title='bbox 759 395 844 477; x_wconf 90' lang='lat' dir='ltr'><strong>quod</strong></span> <span class='ocrx_word' id='word_1_8' title='bbox 867 413 937 460; x_wconf 90' lang='lat' dir='ltr'><strong>cum</strong></span> <span class='ocrx_word' id='word_1_9' title='bbox 953 391 1097 457; x_wconf 90' lang='lat' dir='ltr'><strong>oriantur</strong></span> <span class='ocrx_word' id='word_1_10' title='bbox 1117 389 1242 472; x_wconf 85' lang='lat' dir='ltr'><strong>pluvias</strong></span> <span class='ocrx_word' id='word_1_11' title='bbox 1264 386 1330 454; x_wconf 88' lang='lat' dir='ltr'><strong>effi·</strong></span> 
     </span>
     <span class='ocr_line' id='line_1_3' title="bbox 104 498 1330 590; baseline -0.006 -20"><span class='ocrx_word' id='word_1_12' title='bbox 104 506 199 572; x_wconf 78' lang='lat' dir='ltr'><strong>ciant,</strong></span> <span class='ocrx_word' id='word_1_13' title='bbox 212 509 280 587; x_wconf 81' lang='lat' dir='ltr'><strong>(est</strong></span> <span class='ocrx_word' id='word_1_14' title='bbox 302 511 407 571; x_wconf 91' lang='lat' dir='ltr'><strong>autem</strong></span> <span class='ocrx_word' id='word_1_15' title='bbox 422 524 536 588; x_wconf 81' lang='lat' dir='ltr'>graece</span> <span class='ocrx_word' id='word_1_16' title='bbox 556 498 623 570; x_wconf 81' lang='grc' dir='ltr'><strong>ύοιν</strong></span> <span class='ocrx_word' id='word_1_17' title='bbox 638 506 780 590; x_wconf 86' lang='lat' dir='ltr'><strong>pluere);</strong></span> <span class='ocrx_word' id='word_1_18' title='bbox 805 512 880 572; x_wconf 90' lang='lat' dir='ltr'><strong>sunt</strong></span> <span class='ocrx_word' id='word_1_19' title='bbox 902 504 956 587; x_wconf 91' lang='lat' dir='ltr'><strong>qui</strong></span> <span class='ocrx_word' id='word_1_20' title='bbox 975 502 1158 569; x_wconf 81' lang='lat' dir='ltr'><strong>existiment</strong></span> <span class='ocrx_word' id='word_1_21' title='bbox 1177 502 1250 566; x_wconf 92' lang='lat' dir='ltr'><strong>ideo</strong></span> <span class='ocrx_word' id='word_1_22' title='bbox 1270 499 1330 564; x_wconf 91' lang='lat' dir='ltr'><strong>has</strong></span> 
     </span>
     <span class='ocr_line' id='line_1_4' title="bbox 103 613 1367 698; baseline -0.001 -16"><span class='ocrx_word' id='word_1_23' title='bbox 103 617 137 682; x_wconf 92' lang='lat' dir='ltr'><strong>in</strong></span> <span class='ocrx_word' id='word_1_24' title='bbox 155 617 313 682; x_wconf 76' lang='lat' dir='ltr'><strong>sidonibus</strong></span> <span class='ocrx_word' id='word_1_25' title='bbox 330 635 411 698; x_wconf 86' lang='lat' dir='ltr'><strong>esse,</strong></span> <span class='ocrx_word' id='word_1_26' title='bbox 433 617 517 698; x_wconf 92' lang='lat' dir='ltr'><strong>quod</strong></span> <span class='ocrx_word' id='word_1_27' title='bbox 531 615 649 682; x_wconf 79' lang='lat' dir='ltr'><strong>fixerint</strong></span> <span class='ocrx_word' id='word_1_28' title='bbox 662 618 802 683; x_wconf 87' lang='lat' dir='ltr'><strong>nutrices</strong></span> <span class='ocrx_word' id='word_1_29' title='bbox 815 615 1048 697; x_wconf 88' lang='lat' dir='ltr'><strong>Liberipatris,</strong></span> <span class='ocrx_word' id='word_1_30' title='bbox 1070 631 1149 695; x_wconf 91' lang='lat' dir='ltr'><strong>quas</strong></span> <span class='ocrx_word' id='word_1_31' title='bbox 1166 613 1331 694; x_wconf 83' lang='lat' dir='ltr'><strong>Lycurgus</strong></span> <span class='ocrx_word' id='word_1_32' title='bbox 1363 676 1367 681; x_wconf 89' lang='lat'><em>.</em></span> 
     </span>
     <span class='ocr_line' id='line_1_5' title="bbox 105 724 1410 818; baseline -0.005 -25"><span class='ocrx_word' id='word_1_33' title='bbox 105 747 144 793; x_wconf 89' lang='lat' dir='ltr'><strong>ex</strong></span> <span class='ocrx_word' id='word_1_34' title='bbox 171 727 278 794; x_wconf 91' lang='lat' dir='ltr'><strong>insula</strong></span> <span class='ocrx_word' id='word_1_35' title='bbox 299 729 389 794; x_wconf 88' lang='lat' dir='ltr'><strong>Naxo</strong></span> <span class='ocrx_word' id='word_1_36' title='bbox 413 727 594 805; x_wconf 66' lang='lat' dir='ltr'><strong>redidcrat.</strong></span> <span class='ocrx_word' id='word_1_37' title='bbox 643 727 820 808; x_wconf 80' lang='lat' dir='ltr'><strong>Glaleterae</strong></span> <span class='ocrx_word' id='word_1_38' title='bbox 849 746 974 794; x_wconf 89' lang='lat' dir='ltr'><strong>sorores</strong></span> <span class='ocrx_word' id='word_1_39' title='bbox 1002 729 1116 808; x_wconf 89' lang='lat' dir='ltr'><strong>postea</strong></span> <span class='ocrx_word' id='word_1_40' title='bbox 1143 724 1231 789; x_wconf 93' lang='lat' dir='ltr'><strong>luctu</strong></span> <span class='ocrx_word' id='word_1_41' title='bbox 1260 741 1331 788; x_wconf 92' lang='lat' dir='ltr'><strong>con·</strong></span> <span class='ocrx_word' id='word_1_42' title='bbox 1406 813 1410 818; x_wconf 16' lang='lat'><strong><em>³</em></strong></span> 
     </span>
     <span class='ocr_line' id='line_1_6' title="bbox 105 830 1361 922; baseline -0.007 -17"><span class='ocrx_word' id='word_1_43' title='bbox 105 843 253 921; x_wconf 86' lang='lat' dir='ltr'><strong>sumptae</strong></span> <span class='ocrx_word' id='word_1_44' title='bbox 276 839 383 905; x_wconf 90' lang='lat' dir='ltr'><strong>sidera</strong></span> <span class='ocrx_word' id='word_1_45' title='bbox 404 837 523 922; x_wconf 70' lang='lat' dir='ltr'><strong>laetale(</strong></span> <span class='ocrx_word' id='word_1_46' title='bbox 548 846 636 919; x_wconf 87' lang='lat' dir='ltr'><strong>sunt,</strong></span> <span class='ocrx_word' id='word_1_47' title='bbox 659 845 693 904; x_wconf 92' lang='lat' dir='ltr'><strong>et</strong></span> <span class='ocrx_word' id='word_1_48' title='bbox 714 839 789 921; x_wconf 93' lang='lat' dir='ltr'><strong>quia</strong></span> <span class='ocrx_word' id='word_1_49' title='bbox 810 840 917 921; x_wconf 90' lang='lat' dir='ltr'><strong>plures</strong></span> <span class='ocrx_word' id='word_1_50' title='bbox 940 842 1032 902; x_wconf 89' lang='lat' dir='ltr'><strong>erant</strong></span> <span class='ocrx_word' id='word_1_51' title='bbox 1049 835 1196 900; x_wconf 87' lang='lat' dir='ltr'><strong>Pleiades</strong></span> <span class='ocrx_word' id='word_1_52' title='bbox 1218 830 1361 901; x_wconf 74' lang='lat' dir='ltr'><strong>dictaeo</strong></span> 
     </span>
     <span class='ocr_line' id='line_1_7' title="bbox 104 945 1332 1032; baseline -0.006 -17"><span class='ocrx_word' id='word_1_53' title='bbox 104 951 247 1015; x_wconf 89' lang='lat' dir='ltr'><strong>nonnulli</strong></span> <span class='ocrx_word' id='word_1_54' title='bbox 269 950 453 1016; x_wconf 87' lang='lat' dir='ltr'><strong>existimant</strong></span> <span class='ocrx_word' id='word_1_55' title='bbox 472 950 520 1014; x_wconf 89' lang='lat' dir='ltr'><strong>ita</strong></span> <span class='ocrx_word' id='word_1_56' title='bbox 540 950 735 1031; x_wconf 87' lang='lat' dir='ltr'><strong>nominatas,</strong></span> <span class='ocrx_word' id='word_1_57' title='bbox 763 950 838 1032; x_wconf 90' lang='lat' dir='ltr'><strong>quia</strong></span> <span class='ocrx_word' id='word_1_58' title='bbox 858 949 942 1015; x_wconf 89' lang='lat' dir='ltr'><strong>inter</strong></span> <span class='ocrx_word' id='word_1_59' title='bbox 966 967 1001 1014; x_wconf 91' lang='lat' dir='ltr'><strong>se</strong></span> <span class='ocrx_word' id='word_1_60' title='bbox 1024 947 1209 1013; x_wconf 89' lang='lat' dir='ltr'><strong>coniunctae</strong></span> <span class='ocrx_word' id='word_1_61' title='bbox 1232 945 1332 1029; x_wconf 92' lang='lat' dir='ltr'><strong>(quod</strong></span> 
     </span>
     <span class='ocr_line' id='line_1_8' title="bbox 104 1059 1333 1148; baseline -0.005 -22"><span class='ocrx_word' id='word_1_62' title='bbox 104 1066 155 1128; x_wconf 89' lang='lat' dir='ltr'><strong>est</strong></span> <span class='ocrx_word' id='word_1_63' title='bbox 176 1059 330 1148; x_wconf 76' lang='grc' dir='ltr'>πλησίον)</span> <span class='ocrx_word' id='word_1_64' title='bbox 353 1061 434 1126; x_wconf 87' lang='lat' dir='ltr'><strong>adeo</strong></span> <span class='ocrx_word' id='word_1_65' title='bbox 457 1065 563 1126; x_wconf 88' lang='lat' dir='ltr'><strong>autem</strong></span> <span class='ocrx_word' id='word_1_66' title='bbox 587 1061 858 1142; x_wconf 73' lang='lat' dir='ltr'><strong>commisesunt,</strong></span> <span class='ocrx_word' id='word_1_67' title='bbox 889 1066 925 1126; x_wconf 90' lang='lat' dir='ltr'><strong>ut</strong></span> <span class='ocrx_word' id='word_1_68' title='bbox 951 1061 1003 1126; x_wconf 84' lang='lat' dir='ltr'><strong>vix</strong></span> <span class='ocrx_word' id='word_1_69' title='bbox 1025 1062 1245 1136; x_wconf 85' lang='lat' dir='ltr'><strong>numerentur,</strong></span> <span class='ocrx_word' id='word_1_70' title='bbox 1275 1074 1333 1121; x_wconf 93' lang='lat' dir='ltr'><strong>nec</strong></span> 
     </span>
     <span class='ocr_line' id='line_1_9' title="bbox 104 1171 1331 1255; baseline -0.003 -18"><span class='ocrx_word' id='word_1_71' title='bbox 104 1192 243 1255; x_wconf 91' lang='lat' dir='ltr'><strong>unquam</strong></span> <span class='ocrx_word' id='word_1_72' title='bbox 259 1173 356 1238; x_wconf 90' lang='lat' dir='ltr'><strong>ullius</strong></span> <span class='ocrx_word' id='word_1_73' title='bbox 373 1171 472 1238; x_wconf 89' lang='lat' dir='ltr'><strong>oculis</strong></span> <span class='ocrx_word' id='word_1_74' title='bbox 492 1178 611 1238; x_wconf 70' lang='lat' dir='ltr'><strong>semum</strong></span> <span class='ocrx_word' id='word_1_75' title='bbox 631 1178 681 1239; x_wconf 93' lang='lat' dir='ltr'><strong>est</strong></span> <span class='ocrx_word' id='word_1_76' title='bbox 697 1192 754 1239; x_wconf 88' lang='lat' dir='ltr'><strong>sex</strong></span> <span class='ocrx_word' id='word_1_77' title='bbox 776 1193 816 1239; x_wconf 94' lang='lat' dir='ltr'><strong>an</strong></span> <span class='ocrx_word' id='word_1_78' title='bbox 835 1177 958 1254; x_wconf 91' lang='lat' dir='ltr'><strong>septem</strong></span> <span class='ocrx_word' id='word_1_79' title='bbox 974 1171 1201 1237; x_wconf 84' lang='lat' dir='ltr'><strong>existimentur.</strong></span> <span class='ocrx_word' id='word_1_80' title='bbox 1224 1187 1331 1235; x_wconf 84' lang='lat' dir='ltr'><strong>earum</strong></span> 
     </span>
     <span class='ocr_line' id='line_1_10' title="bbox 105 1281 1332 1366; baseline -0.002 -18"><span class='ocrx_word' id='word_1_81' title='bbox 105 1284 234 1349; x_wconf 92' lang='lat' dir='ltr'><strong>nomina</strong></span> <span class='ocrx_word' id='word_1_82' title='bbox 255 1283 335 1348; x_wconf 88' lang='lat' dir='ltr'><strong>haec</strong></span> <span class='ocrx_word' id='word_1_83' title='bbox 359 1286 447 1348; x_wconf 90' lang='lat' dir='ltr'><strong>sunt:</strong></span> <span class='ocrx_word' id='word_1_84' title='bbox 470 1282 599 1349; x_wconf 82' lang='lat' dir='ltr'><strong>Electra</strong></span> <span class='ocrx_word' id='word_1_85' title='bbox 621 1285 760 1366; x_wconf 85' lang='lat' dir='ltr'><strong>Alcyone</strong></span> <span class='ocrx_word' id='word_1_86' title='bbox 782 1286 919 1352; x_wconf 81' lang='lat' dir='ltr'><strong>Celaeno</strong></span> <span class='ocrx_word' id='word_1_87' title='bbox 942 1283 1071 1364; x_wconf 88' lang='lat' dir='ltr'><strong>Merope</strong></span> <span class='ocrx_word' id='word_1_88' title='bbox 1094 1283 1228 1364; x_wconf 84' lang='lat' dir='ltr'><strong>Sterope</strong></span> <span class='ocrx_word' id='word_1_89' title='bbox 1250 1281 1332 1363; x_wconf 87' lang='lat' dir='ltr'><strong>Tay-</strong></span> 
     </span>
     <span class='ocr_line' id='line_1_11' title="bbox 104 1388 1383 1478; baseline -0.005 -19"><span class='ocrx_word' id='word_1_90' title='bbox 104 1401 181 1476; x_wconf 82' lang='lat' dir='ltr'><strong>geta</strong></span> <span class='ocrx_word' id='word_1_91' title='bbox 202 1400 235 1460; x_wconf 92' lang='lat' dir='ltr'><strong>et</strong></span> <span class='ocrx_word' id='word_1_92' title='bbox 256 1394 351 1460; x_wconf 93' lang='lat' dir='ltr'><strong>Maia.</strong></span> <span class='ocrx_word' id='word_1_93' title='bbox 394 1395 443 1458; x_wconf 91' lang='lat' dir='ltr'><strong>Ex</strong></span> <span class='ocrx_word' id='word_1_94' title='bbox 464 1393 578 1475; x_wconf 91' lang='lat' dir='ltr'><strong>quibus</strong></span> <span class='ocrx_word' id='word_1_95' title='bbox 600 1395 759 1462; x_wconf 83' lang='lat' dir='ltr'><strong>Electram</strong></span> <span class='ocrx_word' id='word_1_96' title='bbox 781 1401 901 1478; x_wconf 84' lang='lat' dir='ltr'><strong>negant</strong></span> <span class='ocrx_word' id='word_1_97' title='bbox 923 1413 1077 1476; x_wconf 89' lang='lat' dir='ltr'><strong>apparere</strong></span> <span class='ocrx_word' id='word_1_98' title='bbox 1099 1398 1231 1476; x_wconf 92' lang='lat' dir='ltr'><strong>propter</strong></span> <span class='ocrx_word' id='word_1_99' title='bbox 1252 1392 1332 1457; x_wconf 91' lang='lat' dir='ltr'><strong>Dar·</strong></span> <span class='ocrx_word' id='word_1_100' title='bbox 1343 1388 1383 1452; x_wconf 89' lang='lat'><strong>10</strong></span> 
     </span>
     <span class='ocr_line' id='line_1_12' title="bbox 104 1505 1331 1589; baseline -0.001 -19"><span class='ocrx_word' id='word_1_101' title='bbox 104 1507 222 1570; x_wconf 91' lang='lat' dir='ltr'><strong>danum</strong></span> <span class='ocrx_word' id='word_1_102' title='bbox 246 1506 397 1571; x_wconf 92' lang='lat' dir='ltr'><strong>amissum</strong></span> <span class='ocrx_word' id='word_1_103' title='bbox 420 1505 608 1589; x_wconf 88' lang='lat' dir='ltr'><strong>Troiamque</strong></span> <span class='ocrx_word' id='word_1_104' title='bbox 631 1507 692 1572; x_wconf 86' lang='lat' dir='ltr'><strong>sibi</strong></span> <span class='ocrx_word' id='word_1_105' title='bbox 714 1513 864 1589; x_wconf 88' lang='lat' dir='ltr'><strong>ereptam.</strong></span> <span class='ocrx_word' id='word_1_106' title='bbox 889 1506 958 1588; x_wconf 77' lang='lat' dir='ltr'><strong>[alii</strong></span> <span class='ocrx_word' id='word_1_107' title='bbox 979 1505 1162 1571; x_wconf 88' lang='lat' dir='ltr'><strong>existimant</strong></span> <span class='ocrx_word' id='word_1_108' title='bbox 1178 1505 1331 1586; x_wconf 88' lang='lat' dir='ltr'><strong>Meropen</strong></span> 
     </span>
    </p>

    <p class='ocr_par' dir='ltr' id='par_1_3' title="bbox 21 1616 1384 2146">
     <span class='ocr_line' id='line_1_13' title="bbox 21 1616 1333 1711; baseline 0.001 -31"><span class='ocrx_word' id='word_1_109' title='bbox 21 1704 25 1711; x_wconf 27' lang='grc' dir='ltr'>Ι</span> <span class='ocrx_word' id='word_1_110' title='bbox 105 1616 246 1697; x_wconf 87' lang='lat' dir='ltr'><strong>conspici</strong></span> <span class='ocrx_word' id='word_1_111' title='bbox 270 1618 466 1698; x_wconf 87' lang='lat' dir='ltr'><strong>erubescere,</strong></span> <span class='ocrx_word' id='word_1_112' title='bbox 489 1617 563 1699; x_wconf 91' lang='lat' dir='ltr'><strong>quia</strong></span> <span class='ocrx_word' id='word_1_113' title='bbox 584 1619 751 1683; x_wconf 88' lang='lat' dir='ltr'><strong>mortalem</strong></span> <span class='ocrx_word' id='word_1_114' title='bbox 770 1618 872 1682; x_wconf 86' lang='lat' dir='ltr'><strong>virum</strong></span> <span class='ocrx_word' id='word_1_115' title='bbox 890 1617 1055 1698; x_wconf 89' lang='lat' dir='ltr'><strong>acceperit,</strong></span> <span class='ocrx_word' id='word_1_116' title='bbox 1078 1634 1147 1681; x_wconf 92' lang='lat' dir='ltr'><strong>cum</strong></span> <span class='ocrx_word' id='word_1_117' title='bbox 1164 1620 1333 1696; x_wconf 67' lang='lat' dir='ltr'><strong>deletes-ae</strong></span> 
     </span>
     <span class='ocr_line' id='line_1_14' title="bbox 103 1727 1332 1814; baseline 0 -22"><span class='ocrx_word' id='word_1_118' title='bbox 103 1728 182 1792; x_wconf 90' lang='lat' dir='ltr'><strong>deos</strong></span> <span class='ocrx_word' id='word_1_119' title='bbox 203 1727 385 1814; x_wconf 72' lang='lat' dir='ltr'><strong>haberentzj</strong></span> <span class='ocrx_word' id='word_1_120' title='bbox 407 1728 447 1794; x_wconf 92' lang='lat' dir='ltr'><strong>ob</strong></span> <span class='ocrx_word' id='word_1_121' title='bbox 463 1747 597 1810; x_wconf 90' lang='lat' dir='ltr'><strong>eamque</strong></span> <span class='ocrx_word' id='word_1_122' title='bbox 618 1747 685 1794; x_wconf 91' lang='lat' dir='ltr'><strong>rem</strong></span> <span class='ocrx_word' id='word_1_123' title='bbox 705 1730 745 1794; x_wconf 90' lang='lat' dir='ltr'><strong>de</strong></span> <span class='ocrx_word' id='word_1_124' title='bbox 762 1729 857 1794; x_wconf 89' lang='lat' dir='ltr'><strong>choro</strong></span> <span class='ocrx_word' id='word_1_125' title='bbox 876 1746 1021 1793; x_wconf 91' lang='lat' dir='ltr'><strong>sororum</strong></span> <span class='ocrx_word' id='word_1_126' title='bbox 1039 1728 1172 1809; x_wconf 89' lang='lat' dir='ltr'><strong>expulsa</strong></span> <span class='ocrx_word' id='word_1_127' title='bbox 1187 1745 1332 1792; x_wconf 90' lang='lat' dir='ltr'><strong>moerens</strong></span> 
     </span>
     <span class='ocr_line' id='line_1_15' title="bbox 103 1837 1333 1922; baseline -0.002 -19"><span class='ocrx_word' id='word_1_128' title='bbox 103 1837 222 1903; x_wconf 89' lang='lat' dir='ltr'><strong>crinem</strong></span> <span class='ocrx_word' id='word_1_129' title='bbox 238 1839 378 1904; x_wconf 90' lang='lat' dir='ltr'><strong>solutum</strong></span> <span class='ocrx_word' id='word_1_130' title='bbox 402 1839 492 1922; x_wconf 88' lang='lat' dir='ltr'><strong>gerit.</strong></span> <span class='ocrx_word' id='word_1_131' title='bbox 515 1858 597 1921; x_wconf 89' lang='lat' dir='ltr'><strong>quae</strong></span> <span class='ocrx_word' id='word_1_132' title='bbox 616 1847 755 1905; x_wconf 88' lang='lat' dir='ltr'><strong>cometes</strong></span> <span class='ocrx_word' id='word_1_133' title='bbox 773 1839 966 1922; x_wconf 65' lang='lat' dir='ltr'><strong>appellatum</strong></span> <span class='ocrx_word' id='word_1_134' title='bbox 989 1839 1056 1905; x_wconf 87' lang='lat' dir='ltr'><strong>sive</strong></span> <span class='ocrx_word' id='word_1_135' title='bbox 1072 1839 1236 1920; x_wconf 82' lang='lat' dir='ltr'><strong>longodes,</strong></span> <span class='ocrx_word' id='word_1_136' title='bbox 1258 1837 1333 1919; x_wconf 91' lang='lat' dir='ltr'><strong>quia</strong></span> 
     </span>
     <span class='ocr_line' id='line_1_16' title="bbox 102 1943 1384 2032; baseline -0.005 -18"><span class='ocrx_word' id='word_1_137' title='bbox 102 1949 136 2014; x_wconf 90' lang='lat' dir='ltr'><strong>in</strong></span> <span class='ocrx_word' id='word_1_138' title='bbox 157 1951 386 2032; x_wconf 84' lang='lat' dir='ltr'><strong>longitudinem</strong></span> <span class='ocrx_word' id='word_1_139' title='bbox 401 1951 603 2032; x_wconf 89' lang='lat' dir='ltr'><strong>producitur;</strong></span> <span class='ocrx_word' id='word_1_140' title='bbox 626 1951 695 2016; x_wconf 86' lang='lat' dir='ltr'><strong>sive</strong></span> <span class='ocrx_word' id='word_1_141' title='bbox 716 1951 852 2032; x_wconf 81' lang='lat' dir='ltr'><strong>xiphias,</strong></span> <span class='ocrx_word' id='word_1_142' title='bbox 874 1950 948 2032; x_wconf 88' lang='lat' dir='ltr'><strong>quia</strong></span> <span class='ocrx_word' id='word_1_143' title='bbox 970 1950 1068 2032; x_wconf 84' lang='lat' dir='ltr'><strong>gladii</strong></span> <span class='ocrx_word' id='word_1_144' title='bbox 1085 1950 1244 2016; x_wconf 90' lang='lat' dir='ltr'><strong>mucronis</strong></span> <span class='ocrx_word' id='word_1_145' title='bbox 1267 1948 1332 2014; x_wconf 86' lang='lat' dir='ltr'><strong>effi·</strong></span> <span class='ocrx_word' id='word_1_146' title='bbox 1342 1943 1384 2009; x_wconf 86' lang='lat'><strong>15</strong></span> 
     </span>
     <span class='ocr_line' id='line_1_17' title="bbox 103 2059 1128 2146; baseline -0.001 -20"><span class='ocrx_word' id='word_1_147' title='bbox 103 2060 186 2143; x_wconf 59' lang='lat' dir='ltr'><strong>mem</strong></span> <span class='ocrx_word' id='word_1_148' title='bbox 208 2061 372 2143; x_wconf 89' lang='lat' dir='ltr'><strong>producit:</strong></span> <span class='ocrx_word' id='word_1_149' title='bbox 394 2080 433 2127; x_wconf 85' lang='lat' dir='ltr'><strong>ea</strong></span> <span class='ocrx_word' id='word_1_150' title='bbox 455 2066 562 2127; x_wconf 90' lang='lat' dir='ltr'><strong>antem</strong></span> <span class='ocrx_word' id='word_1_151' title='bbox 584 2061 679 2127; x_wconf 91' lang='lat' dir='ltr'><strong>stella</strong></span> <span class='ocrx_word' id='word_1_152' title='bbox 700 2063 820 2127; x_wconf 87' lang='lat' dir='ltr'><strong>luctum</strong></span> <span class='ocrx_word' id='word_1_153' title='bbox 843 2061 1014 2144; x_wconf 89' lang='lat' dir='ltr'><strong>portendit.</strong></span> <span class='ocrx_word' id='word_1_154' title='bbox 1036 2059 1068 2142; x_wconf 79' lang='lat' dir='ltr'><strong>l*</strong></span> <span class='ocrx_word' id='word_1_155' title='bbox 1081 2060 1128 2146; x_wconf 73' lang='lat' dir='ltr'><strong>*fl</strong></span> 
     </span>
    </p>
   </div>
   <div class='ocr_carea' id='block_1_3' title="bbox 188 2231 1333 2451">
    <p class='ocr_par' dir='ltr' id='par_1_4' title="bbox 188 2231 1333 2451">
     <span class='ocr_line' id='line_1_18' title="bbox 541 2231 896 2316; baseline 0 -18"><span class='ocrx_word' id='word_1_156' title='bbox 541 2231 668 2298; x_wconf 81' lang='lat' dir='ltr'>CXCIII</span> <span class='ocrx_word' id='word_1_157' title='bbox 694 2232 896 2316; x_wconf 87' lang='lat' dir='ltr'><strong>Harpalycus</strong></span> 
     </span>
     <span class='ocr_line' id='line_1_19' title="bbox 188 2367 1333 2451; baseline -0.001 -18"><span class='ocrx_word' id='word_1_158' title='bbox 188 2368 390 2451; x_wconf 84' lang='lat' dir='ltr'><strong>Harpalycua</strong></span> <span class='ocrx_word' id='word_1_159' title='bbox 417 2386 476 2449; x_wconf 78' lang='lat' dir='ltr'><strong>rex</strong></span> <span class='ocrx_word' id='word_1_160' title='bbox 496 2368 721 2450; x_wconf 85' lang='lat' dir='ltr'><strong>Amymnorum</strong></span> <span class='ocrx_word' id='word_1_161' title='bbox 744 2370 850 2434; x_wconf 86' lang='lat' dir='ltr'><strong>Thrax</strong></span> <span class='ocrx_word' id='word_1_162' title='bbox 878 2387 948 2434; x_wconf 88' lang='lat' dir='ltr'><strong>cum</strong></span> <span class='ocrx_word' id='word_1_163' title='bbox 971 2369 1105 2435; x_wconf 89' lang='lat' dir='ltr'><strong>haberet</strong></span> <span class='ocrx_word' id='word_1_164' title='bbox 1131 2367 1229 2433; x_wconf 90' lang='lat' dir='ltr'><strong>filiam</strong></span> <span class='ocrx_word' id='word_1_165' title='bbox 1251 2369 1333 2433; x_wconf 90' lang='lat' dir='ltr'><strong>Har·</strong></span> 
     </span>
    </p>
   </div>
   <div class='ocr_carea' id='block_1_4' title="bbox 99 2530 1333 4381">
    <p class='ocr_par' dir='ltr' id='par_1_5' title="bbox 99 2530 1333 4381">
     <span class='ocr_line' id='line_1_20' title="bbox 102 2530 1332 2594; baseline 0 -14"><span class='ocrx_word' id='word_1_166' title='bbox 102 2536 117 2580; x_wconf 91' lang='grc'>2</span> <span class='ocrx_word' id='word_1_167' title='bbox 136 2532 196 2594; x_wconf 87' lang='lat' dir='ltr'><strong>hyin</strong></span> <span class='ocrx_word' id='word_1_168' title='bbox 214 2533 234 2578; x_wconf 83' lang='lat' dir='ltr'><strong>E</strong></span> <span class='ocrx_word' id='word_1_169' title='bbox 258 2532 313 2592; x_wconf 77' lang='lat' dir='ltr'><strong>pain</strong></span> <span class='ocrx_word' id='word_1_170' title='bbox 335 2533 412 2581; x_wconf 88' lang='lat' dir='ltr'><strong>schol.</strong></span> <span class='ocrx_word' id='word_1_171' title='bbox 433 2532 516 2581; x_wconf 80' lang='lat' dir='ltr'><strong>Germ.</strong></span> <span class='ocrx_word' id='word_1_172' title='bbox 534 2534 572 2593; x_wconf 93' lang='lat' dir='ltr'><strong>Bp</strong></span> <span class='ocrx_word' id='word_1_173' title='bbox 590 2532 647 2580; x_wconf 84' lang='lat' dir='ltr'><strong>usin</strong></span> <span class='ocrx_word' id='word_1_174' title='bbox 664 2532 685 2578; x_wconf 88' lang='lat' dir='ltr'><strong>P</strong></span> <span class='ocrx_word' id='word_1_175' title='bbox 703 2546 758 2580; x_wconf 89' lang='lat' dir='ltr'><strong>corr</strong></span> <span class='ocrx_word' id='word_1_176' title='bbox 775 2531 832 2579; x_wconf 82' lang='lat' dir='ltr'><strong>Mic.</strong></span> <span class='ocrx_word' id='word_1_177' title='bbox 850 2533 867 2578; x_wconf 90' lang='lat' dir='ltr'><strong>i.</strong></span> <span class='ocrx_word' id='word_1_178' title='bbox 886 2547 910 2579; x_wconf 93' lang='lat' dir='ltr'><strong>m</strong></span> <span class='ocrx_word' id='word_1_179' title='bbox 969 2535 985 2580; x_wconf 80' lang='lat'>4</span> <span class='ocrx_word' id='word_1_180' title='bbox 1003 2531 1081 2578; x_wconf 82' lang='lat' dir='ltr'><strong>edicto</strong></span> <span class='ocrx_word' id='word_1_181' title='bbox 1098 2532 1199 2578; x_wconf 72' lang='grc' dir='ltr'><strong>σίνονται</strong></span> <span class='ocrx_word' id='word_1_182' title='bbox 1215 2530 1332 2580; x_wconf 85' lang='lat' dir='ltr'><strong>Barthius</strong></span> 
     </span>
     <span class='ocr_line' id='line_1_21' title="bbox 99 2625 1332 2687; baseline 0 -14"><span class='ocrx_word' id='word_1_183' title='bbox 99 2633 210 2686; x_wconf 71' lang='lat' dir='ltr'><strong>caeperat</strong></span> <span class='ocrx_word' id='word_1_184' title='bbox 225 2627 277 2685; x_wconf 84' lang='lat' dir='ltr'><strong>Mu,</strong></span> <span class='ocrx_word' id='word_1_185' title='bbox 296 2626 405 2676; x_wconf 83' lang='lat' dir='ltr'><strong>defendit</strong></span> <span class='ocrx_word' id='word_1_186' title='bbox 417 2627 465 2675; x_wconf 80' lang='lat' dir='ltr'><strong>Sch</strong></span> <span class='ocrx_word' id='word_1_187' title='bbox 513 2626 901 2682; x_wconf 71' lang='lat' dir='ltr'><strong>diactaEfactaaNHeinsius</strong></span> <span class='ocrx_word' id='word_1_188' title='bbox 943 2626 1029 2674; x_wconf 68' lang='lat' dir='ltr'><strong>diaco</strong></span> <span class='ocrx_word' id='word_1_189' title='bbox 1047 2641 1092 2687; x_wconf 89' lang='lat' dir='ltr'><strong>pro</strong></span> <span class='ocrx_word' id='word_1_190' title='bbox 1108 2625 1204 2673; x_wconf 78' lang='lat' dir='ltr'><strong>itaSch</strong></span> <span class='ocrx_word' id='word_1_191' title='bbox 1249 2627 1332 2686; x_wconf 77' lang='lat' dir='ltr'><strong>Tple·</strong></span> 
     </span>
     <span class='ocr_line' id='line_1_22' title="bbox 102 2714 1333 2785; baseline -0.001 -16"><span class='ocrx_word' id='word_1_192' title='bbox 102 2721 158 2770; x_wconf 82' lang='lat' dir='ltr'><strong>sion</strong></span> <span class='ocrx_word' id='word_1_193' title='bbox 174 2722 196 2767; x_wconf 83' lang='lat' dir='ltr'><strong>E</strong></span> <span class='ocrx_word' id='word_1_194' title='bbox 213 2714 319 2785; x_wconf 74' lang='grc' dir='ltr'><strong>πλήσνσν</strong></span> <span class='ocrx_word' id='word_1_195' title='bbox 336 2719 396 2785; x_wconf 82' lang='lat' dir='ltr'><strong>(imo</strong></span> <span class='ocrx_word' id='word_1_196' title='bbox 414 2717 529 2784; x_wconf 78' lang='grc' dir='ltr'>πλησίον)</span> <span class='ocrx_word' id='word_1_197' title='bbox 546 2720 603 2768; x_wconf 86' lang='lat' dir='ltr'><strong>Mic.</strong></span> <span class='ocrx_word' id='word_1_198' title='bbox 616 2720 633 2767; x_wconf 71' lang='lat' dir='ltr'><strong>i,</strong></span> <span class='ocrx_word' id='word_1_199' title='bbox 647 2735 678 2767; x_wconf 88' lang='lat' dir='ltr'><strong>m.</strong></span> <span class='ocrx_word' id='word_1_200' title='bbox 697 2722 746 2768; x_wconf 88' lang='lat' dir='ltr'><strong>coll</strong></span> <span class='ocrx_word' id='word_1_201' title='bbox 763 2721 841 2769; x_wconf 80' lang='lat' dir='ltr'><strong>schol.</strong></span> <span class='ocrx_word' id='word_1_202' title='bbox 853 2721 926 2768; x_wconf 89' lang='lat' dir='ltr'><strong>Hom.</strong></span> <span class='ocrx_word' id='word_1_203' title='bbox 944 2723 975 2768; x_wconf 90' lang='lat' dir='ltr'><strong>ll.</strong></span> <span class='ocrx_word' id='word_1_204' title='bbox 993 2736 1017 2782; x_wconf 88' lang='lat' dir='ltr'><strong>p.</strong></span> <span class='ocrx_word' id='word_1_205' title='bbox 1031 2721 1080 2769; x_wconf 76' lang='lat' dir='ltr'><strong>dol</strong></span> <span class='ocrx_word' id='word_1_206' title='bbox 1099 2735 1114 2768; x_wconf 81' lang='lat' dir='ltr'><strong>a</strong></span> <span class='ocrx_word' id='word_1_207' title='bbox 1133 2724 1164 2769; x_wconf 82' lang='lat'><strong>12</strong></span> <span class='ocrx_word' id='word_1_208' title='bbox 1182 2721 1219 2768; x_wconf 85' lang='lat' dir='ltr'><strong>ed.</strong></span> <span class='ocrx_word' id='word_1_209' title='bbox 1232 2721 1333 2768; x_wconf 80' lang='lat' dir='ltr'><strong>Beklrer</strong></span> 
     </span>
     <span class='ocr_line' id='line_1_23' title="bbox 103 2814 1333 2884; baseline 0.001 -23"><span class='ocrx_word' id='word_1_210' title='bbox 103 2814 182 2884; x_wconf 69' lang='lat' dir='ltr'><strong>ssideo</strong></span> <span class='ocrx_word' id='word_1_211' title='bbox 200 2816 221 2862; x_wconf 85' lang='lat' dir='ltr'><strong>E</strong></span> <span class='ocrx_word' id='word_1_212' title='bbox 238 2815 274 2862; x_wconf 73' lang='lat' dir='ltr'><strong>ita</strong></span> <span class='ocrx_word' id='word_1_213' title='bbox 289 2814 407 2876; x_wconf 84' lang='lat' dir='ltr'><strong>Micyllus</strong></span> <span class='ocrx_word' id='word_1_214' title='bbox 419 2815 475 2863; x_wconf 85' lang='lat' dir='ltr'><strong>Sch.</strong></span> <span class='ocrx_word' id='word_1_215' title='bbox 491 2815 554 2862; x_wconf 77' lang='lat' dir='ltr'><strong>adeo</strong></span> <span class='ocrx_word' id='word_1_216' title='bbox 571 2815 688 2864; x_wconf 84' lang='lat' dir='ltr'><strong>Barthiua</strong></span> <span class='ocrx_word' id='word_1_217' title='bbox 742 2817 756 2863; x_wconf 83' lang='grc'><strong>9</strong></span> <span class='ocrx_word' id='word_1_218' title='bbox 775 2815 871 2862; x_wconf 74' lang='grc' dir='ltr'><strong>κλαίοντα</strong></span> <span class='ocrx_word' id='word_1_219' title='bbox 888 2817 972 2864; x_wconf 88' lang='lat' dir='ltr'><strong>celeno</strong></span> <span class='ocrx_word' id='word_1_220' title='bbox 990 2816 1011 2861; x_wconf 85' lang='lat' dir='ltr'><strong>E</strong></span> <span class='ocrx_word' id='word_1_221' title='bbox 1028 2829 1083 2863; x_wconf 90' lang='lat' dir='ltr'><strong>corr</strong></span> <span class='ocrx_word' id='word_1_222' title='bbox 1101 2814 1187 2862; x_wconf 83' lang='lat' dir='ltr'><strong>Comm</strong></span> <span class='ocrx_word' id='word_1_223' title='bbox 1234 2818 1264 2862; x_wconf 93' lang='grc'><strong>11</strong></span> <span class='ocrx_word' id='word_1_224' title='bbox 1284 2830 1333 2862; x_wconf 92' lang='lat' dir='ltr'><strong>me·</strong></span> 
     </span>
     <span class='ocr_line' id='line_1_24' title="bbox 102 2909 1333 2972; baseline 0 -15"><span class='ocrx_word' id='word_1_225' title='bbox 102 2910 225 2970; x_wconf 83' lang='lat' dir='ltr'><strong>ropemE</strong></span> <span class='ocrx_word' id='word_1_226' title='bbox 248 2923 303 2956; x_wconf 90' lang='lat' dir='ltr'><strong>corr</strong></span> <span class='ocrx_word' id='word_1_227' title='bbox 321 2910 364 2957; x_wconf 84' lang='lat' dir='ltr'><strong>Mu</strong></span> <span class='ocrx_word' id='word_1_228' title='bbox 417 2912 447 2958; x_wconf 94' lang='grc'><strong>12</strong></span> <span class='ocrx_word' id='word_1_229' title='bbox 466 2909 645 2970; x_wconf 82' lang='lat' dir='ltr'><strong>conspicereF</strong></span> <span class='ocrx_word' id='word_1_230' title='bbox 669 2911 777 2970; x_wconf 86' lang='lat' dir='ltr'><strong>conspici</strong></span> <span class='ocrx_word' id='word_1_231' title='bbox 795 2909 851 2957; x_wconf 84' lang='lat' dir='ltr'><strong>Mic.</strong></span> <span class='ocrx_word' id='word_1_232' title='bbox 870 2909 886 2956; x_wconf 89' lang='lat' dir='ltr'><strong>i.</strong></span> <span class='ocrx_word' id='word_1_233' title='bbox 904 2925 928 2956; x_wconf 93' lang='lat' dir='ltr'><strong>m</strong></span> <span class='ocrx_word' id='word_1_234' title='bbox 951 2909 1059 2972; x_wconf 81' lang='lat' dir='ltr'><strong>conspici</strong></span> <span class='ocrx_word' id='word_1_235' title='bbox 1075 2924 1101 2957; x_wconf 86' lang='lat' dir='ltr'><strong>se</strong></span> <span class='ocrx_word' id='word_1_236' title='bbox 1117 2909 1195 2957; x_wconf 87' lang='lat' dir='ltr'><strong>Barth</strong></span> <span class='ocrx_word' id='word_1_237' title='bbox 1212 2910 1333 2970; x_wconf 85' lang='lat' dir='ltr'><strong>probante</strong></span> 
     </span>
     <span class='ocr_line' id='line_1_25' title="bbox 102 3002 1333 3064; baseline 0.002 -14"><span class='ocrx_word' id='word_1_238' title='bbox 102 3005 145 3051; x_wconf 90' lang='lat' dir='ltr'><strong>Mu</strong></span> <span class='ocrx_word' id='word_1_239' title='bbox 199 3005 230 3051; x_wconf 83' lang='grc'><strong>13</strong></span> <span class='ocrx_word' id='word_1_240' title='bbox 248 3002 361 3051; x_wconf 81' lang='lat' dir='ltr'><strong>ob-16</strong></span> <span class='ocrx_word' id='word_1_241' title='bbox 379 3003 502 3064; x_wconf 77' lang='lat' dir='ltr'><strong>portendit</strong></span> <span class='ocrx_word' id='word_1_242' title='bbox 519 3004 550 3051; x_wconf 81' lang='lat' dir='ltr'><strong>ad</strong></span> <span class='ocrx_word' id='word_1_243' title='bbox 568 3005 693 3052; x_wconf 80' lang='lat' dir='ltr'><strong>Electram</strong></span> <span class='ocrx_word' id='word_1_244' title='bbox 711 3010 822 3064; x_wconf 89' lang='lat' dir='ltr'><strong>spectare</strong></span> <span class='ocrx_word' id='word_1_245' title='bbox 845 3010 869 3051; x_wconf 89' lang='lat' dir='ltr'><strong>et</strong></span> <span class='ocrx_word' id='word_1_246' title='bbox 890 3010 947 3064; x_wconf 84' lang='lat' dir='ltr'><strong>post</strong></span> <span class='ocrx_word' id='word_1_247' title='bbox 965 3006 980 3051; x_wconf 94' lang='lat' dir='ltr'><strong>l.</strong></span> <span class='ocrx_word' id='word_1_248' title='bbox 996 3009 1025 3053; x_wconf 90' lang='lat'><strong>11</strong></span> <span class='ocrx_word' id='word_1_249' title='bbox 1050 3005 1174 3064; x_wconf 88' lang='lat' dir='ltr'><strong>‘ereptam’</strong></span> <span class='ocrx_word' id='word_1_250' title='bbox 1199 3005 1333 3053; x_wconf 87' lang='lat' dir='ltr'><strong>traicienda</strong></span> 
     </span>
     <span class='ocr_line' id='line_1_26' title="bbox 102 3095 1333 3164; baseline 0.002 -18"><span class='ocrx_word' id='word_1_251' title='bbox 102 3113 157 3147; x_wconf 89' lang='lat' dir='ltr'><strong>esse</strong></span> <span class='ocrx_word' id='word_1_252' title='bbox 174 3102 278 3159; x_wconf 86' lang='lat' dir='ltr'><strong>apparet</strong></span> <span class='ocrx_word' id='word_1_253' title='bbox 295 3113 324 3146; x_wconf 83' lang='lat' dir='ltr'><strong>ex</strong></span> <span class='ocrx_word' id='word_1_254' title='bbox 348 3098 447 3159; x_wconf 84' lang='lat' dir='ltr'><strong>cyclicis</strong></span> <span class='ocrx_word' id='word_1_255' title='bbox 465 3102 489 3146; x_wconf 87' lang='lat' dir='ltr'><strong>et</strong></span> <span class='ocrx_word' id='word_1_256' title='bbox 506 3100 582 3145; x_wconf 85' lang='lat' dir='ltr'><strong>Arato</strong></span> <span class='ocrx_word' id='word_1_257' title='bbox 601 3112 641 3158; x_wconf 86' lang='lat' dir='ltr'><strong>ap.</strong></span> <span class='ocrx_word' id='word_1_258' title='bbox 659 3098 736 3145; x_wconf 91' lang='lat' dir='ltr'><strong>schol.</strong></span> <span class='ocrx_word' id='word_1_259' title='bbox 754 3099 828 3145; x_wconf 89' lang='lat' dir='ltr'><strong>Hom.</strong></span> <span class='ocrx_word' id='word_1_260' title='bbox 847 3099 876 3145; x_wconf 86' lang='grc' dir='ltr'><strong>ΙΙ.</strong></span> <span class='ocrx_word' id='word_1_261' title='bbox 894 3113 918 3158; x_wconf 91' lang='lat' dir='ltr'><strong>p.</strong></span> <span class='ocrx_word' id='word_1_262' title='bbox 932 3099 981 3147; x_wconf 77' lang='lat'><strong>506</strong></span> <span class='ocrx_word' id='word_1_263' title='bbox 1000 3099 1016 3145; x_wconf 96' lang='lat' dir='ltr'>b</span> <span class='ocrx_word' id='word_1_264' title='bbox 1035 3096 1089 3164; x_wconf 80' lang='lat'>(20)</span> <span class='ocrx_word' id='word_1_265' title='bbox 1106 3100 1221 3146; x_wconf 80' lang='lat' dir='ltr'><strong>‹la-50</strong></span> <span class='ocrx_word' id='word_1_266' title='bbox 1238 3095 1333 3161; x_wconf 73' lang='grc' dir='ltr'><strong>Τροίας</strong></span> 
     </span>
     <span class='ocr_line' id='line_1_27' title="bbox 101 3179 1333 3258; baseline -0.002 -15"><span class='ocrx_word' id='word_1_267' title='bbox 101 3189 275 3257; x_wconf 59' lang='grc' dir='ltr'><strong>πορθουμένης</strong></span> <span class='ocrx_word' id='word_1_268' title='bbox 292 3187 340 3258; x_wconf 75' lang='grc' dir='ltr'><strong>τήν</strong></span> <span class='ocrx_word' id='word_1_269' title='bbox 358 3187 487 3255; x_wconf 82' lang='grc' dir='ltr'><strong>Δαρδάνου</strong></span> <span class='ocrx_word' id='word_1_270' title='bbox 506 3188 603 3256; x_wconf 81' lang='grc' dir='ltr'><strong>μητέρα</strong></span> <span class='ocrx_word' id='word_1_271' title='bbox 621 3184 762 3255; x_wconf 81' lang='grc' dir='ltr'><strong>Ἠλέκτραν</strong></span> <span class='ocrx_word' id='word_1_272' title='bbox 788 3189 846 3255; x_wconf 80' lang='grc' dir='ltr'><strong>μίαν</strong></span> <span class='ocrx_word' id='word_1_273' title='bbox 861 3179 942 3242; x_wconf 75' lang='grc' dir='ltr'><strong>ὀύσαν</strong></span> <span class='ocrx_word' id='word_1_274' title='bbox 965 3193 1016 3242; x_wconf 84' lang='grc' dir='ltr'><strong>τῶν</strong></span> <span class='ocrx_word' id='word_1_275' title='bbox 1034 3189 1169 3244; x_wconf 82' lang='grc' dir='ltr'>Πλειάδων</span> <span class='ocrx_word' id='word_1_276' title='bbox 1193 3195 1281 3258; x_wconf 79' lang='grc' dir='ltr'><strong>φυγεῖν</strong></span> <span class='ocrx_word' id='word_1_277' title='bbox 1304 3206 1333 3242; x_wconf 82' lang='grc' dir='ltr'><strong>τε</strong></span> 
     </span>
     <span class='ocr_line' id='line_1_28' title="bbox 101 3277 1331 3352; baseline -0.002 -14"><span class='ocrx_word' id='word_1_278' title='bbox 101 3282 148 3351; x_wconf 76' lang='grc' dir='ltr'><strong>τήν</strong></span> <span class='ocrx_word' id='word_1_279' title='bbox 165 3285 215 3337; x_wconf 81' lang='grc' dir='ltr'><strong>τῶν</strong></span> <span class='ocrx_word' id='word_1_280' title='bbox 233 3279 351 3350; x_wconf 67' lang='lat' dir='ltr'><strong>ductast</strong></span> <span class='ocrx_word' id='word_1_281' title='bbox 369 3281 471 3337; x_wconf 79' lang='grc' dir='ltr'><strong>σύνοδον</strong></span> <span class='ocrx_word' id='word_1_282' title='bbox 490 3280 596 3342; x_wconf 78' lang='grc' dir='ltr'><strong>καὶτὰς</strong></span> <span class='ocrx_word' id='word_1_283' title='bbox 615 3279 699 3349; x_wconf 79' lang='grc' dir='ltr'><strong>κόμας</strong></span> <span class='ocrx_word' id='word_1_284' title='bbox 716 3281 828 3335; x_wconf 76' lang='grc' dir='ltr'><strong>λύσασαν</strong></span> <span class='ocrx_word' id='word_1_285' title='bbox 847 3282 924 3337; x_wconf 75' lang='grc' dir='ltr'><strong>ἐνίοτε</strong></span> <span class='ocrx_word' id='word_1_286' title='bbox 942 3281 1058 3352; x_wconf 74' lang='grc' dir='ltr'><strong>κομήτην</strong></span> <span class='ocrx_word' id='word_1_287' title='bbox 1075 3277 1171 3349; x_wconf 80' lang='grc' dir='ltr'><strong>οἷστέρα</strong></span> <span class='ocrx_word' id='word_1_288' title='bbox 1188 3283 1331 3349; x_wconf 61' lang='grc' dir='ltr'><strong>φαίνεσθαι.</strong></span> 
     </span>
     <span class='ocr_line' id='line_1_29' title="bbox 103 3376 1333 3446; baseline -0.002 -15"><span class='ocrx_word' id='word_1_289' title='bbox 103 3384 134 3431; x_wconf 79' lang='lat'><strong>14</strong></span> <span class='ocrx_word' id='word_1_290' title='bbox 152 3381 272 3441; x_wconf 78' lang='lat' dir='ltr'><strong>langedes</strong></span> <span class='ocrx_word' id='word_1_291' title='bbox 289 3381 311 3427; x_wconf 77' lang='lat' dir='ltr'><strong>E</strong></span> <span class='ocrx_word' id='word_1_292' title='bbox 328 3377 462 3446; x_wconf 78' lang='grc' dir='ltr'><strong>λογχώδης</strong></span> <span class='ocrx_word' id='word_1_293' title='bbox 480 3379 537 3427; x_wconf 79' lang='lat' dir='ltr'><strong>ldie.</strong></span> <span class='ocrx_word' id='word_1_294' title='bbox 555 3379 572 3425; x_wconf 91' lang='lat' dir='ltr'><strong>i.</strong></span> <span class='ocrx_word' id='word_1_295' title='bbox 591 3394 616 3426; x_wconf 91' lang='lat' dir='ltr'><strong>m</strong></span> <span class='ocrx_word' id='word_1_296' title='bbox 632 3380 752 3427; x_wconf 74' lang='grc' dir='ltr'><strong>ῑσασλσσσσ</strong></span> <span class='ocrx_word' id='word_1_297' title='bbox 770 3376 920 3446; x_wconf 76' lang='grc' dir='ltr'><strong>(λσγχωτύς)</strong></span> <span class='ocrx_word' id='word_1_298' title='bbox 938 3380 1001 3440; x_wconf 83' lang='lat' dir='ltr'><strong>Sch,</strong></span> <span class='ocrx_word' id='word_1_299' title='bbox 1019 3381 1086 3440; x_wconf 83' lang='lat' dir='ltr'><strong>atqui</strong></span> <span class='ocrx_word' id='word_1_300' title='bbox 1103 3385 1169 3427; x_wconf 87' lang='lat' dir='ltr'><strong>recte</strong></span> <span class='ocrx_word' id='word_1_301' title='bbox 1186 3380 1262 3426; x_wconf 85' lang='lat' dir='ltr'><strong>hahet</strong></span> <span class='ocrx_word' id='word_1_302' title='bbox 1278 3378 1333 3443; x_wconf 87' lang='grc' dir='ltr'><strong>λογ-</strong></span> 
     </span>
     <span class='ocr_line' id='line_1_30' title="bbox 102 3468 1333 3540; baseline -0.005 -13"><span class='ocrx_word' id='word_1_303' title='bbox 102 3470 190 3540; x_wconf 77' lang='grc' dir='ltr'><strong>γιύδης</strong></span> <span class='ocrx_word' id='word_1_304' title='bbox 207 3476 261 3523; x_wconf 84' lang='lat' dir='ltr'><strong>eive</strong></span> <span class='ocrx_word' id='word_1_305' title='bbox 273 3468 410 3537; x_wconf 80' lang='grc' dir='ltr'><strong>λαγγτύδης</strong></span> <span class='ocrx_word' id='word_1_306' title='bbox 423 3473 482 3520; x_wconf 89' lang='lat' dir='ltr'><strong>licet</strong></span> <span class='ocrx_word' id='word_1_307' title='bbox 493 3473 604 3534; x_wconf 89' lang='lat' dir='ltr'><strong>ineptum</strong></span> <span class='ocrx_word' id='word_1_308' title='bbox 617 3474 649 3521; x_wconf 88' lang='lat' dir='ltr'><strong>sit</strong></span> <span class='ocrx_word' id='word_1_309' title='bbox 662 3474 772 3521; x_wconf 90' lang='lat' dir='ltr'><strong>additum</strong></span> <span class='ocrx_word' id='word_1_310' title='bbox 784 3475 949 3534; x_wconf 87' lang='lat' dir='ltr'><strong>veriloquium</strong></span> <span class='ocrx_word' id='word_1_311' title='bbox 985 3477 1015 3522; x_wconf 85' lang='lat'><strong>15</strong></span> <span class='ocrx_word' id='word_1_312' title='bbox 1034 3475 1099 3521; x_wconf 84' lang='lat' dir='ltr'><strong>xifax</strong></span> <span class='ocrx_word' id='word_1_313' title='bbox 1111 3473 1234 3534; x_wconf 74' lang='lat' dir='ltr'><strong>Tarphara</strong></span> <span class='ocrx_word' id='word_1_314' title='bbox 1246 3472 1333 3521; x_wconf 84' lang='lat' dir='ltr'><strong>Ocmm</strong></span> 
     </span>
     <span class='ocr_line' id='line_1_31' title="bbox 102 3565 1332 3635; baseline -0.003 -18"><span class='ocrx_word' id='word_1_315' title='bbox 102 3584 158 3618; x_wconf 90' lang='lat' dir='ltr'><strong>corr</strong></span> <span class='ocrx_word' id='word_1_316' title='bbox 182 3568 231 3616; x_wconf 86' lang='lat' dir='ltr'><strong>Sch</strong></span> <span class='ocrx_word' id='word_1_317' title='bbox 252 3565 263 3635; x_wconf 75' lang='lat' dir='ltr'>ss</span> <span class='ocrx_word' id='word_1_318' title='bbox 288 3567 401 3617; x_wconf 82' lang='lat' dir='ltr'><strong>Ceterum</strong></span> <span class='ocrx_word' id='word_1_319' title='bbox 425 3582 480 3615; x_wconf 88' lang='lat' dir='ltr'><strong>cum</strong></span> <span class='ocrx_word' id='word_1_320' title='bbox 503 3567 610 3615; x_wconf 89' lang='lat' dir='ltr'><strong>dubitari</strong></span> <span class='ocrx_word' id='word_1_321' title='bbox 634 3573 739 3628; x_wconf 84' lang='lat' dir='ltr'><strong>nequeat</strong></span> <span class='ocrx_word' id='word_1_322' title='bbox 763 3569 822 3628; x_wconf 91' lang='lat' dir='ltr'><strong>quin</strong></span> <span class='ocrx_word' id='word_1_323' title='bbox 839 3569 966 3629; x_wconf 79' lang='lat' dir='ltr'><strong>InscriptIo</strong></span> <span class='ocrx_word' id='word_1_324' title='bbox 990 3569 1089 3615; x_wconf 83' lang='lat' dir='ltr'><strong>fabulae</strong></span> <span class='ocrx_word' id='word_1_325' title='bbox 1106 3568 1179 3615; x_wconf 84' lang='lat' dir='ltr'><strong>fidem</strong></span> <span class='ocrx_word' id='word_1_326' title='bbox 1203 3571 1332 3626; x_wconf 88' lang='lat' dir='ltr'><strong>mereatur,</strong></span> 
     </span>
     <span class='ocr_line' id='line_1_32' title="bbox 101 3661 1332 3724; baseline -0.002 -13"><span class='ocrx_word' id='word_1_327' title='bbox 101 3665 118 3711; x_wconf 90' lang='lat'><strong>1.</strong></span> <span class='ocrx_word' id='word_1_328' title='bbox 132 3667 163 3712; x_wconf 87' lang='grc'><strong>21</strong></span> <span class='ocrx_word' id='word_1_329' title='bbox 183 3678 207 3724; x_wconf 92' lang='lat' dir='ltr'><strong>p.</strong></span> <span class='ocrx_word' id='word_1_330' title='bbox 222 3663 269 3710; x_wconf 87' lang='grc'><strong>122</strong></span> <span class='ocrx_word' id='word_1_331' title='bbox 288 3676 317 3709; x_wconf 80' lang='grc' dir='ltr'><strong>αα</strong></span> <span class='ocrx_word' id='word_1_332' title='bbox 333 3661 370 3707; x_wconf 83' lang='lat' dir='ltr'><strong>hie</strong></span> <span class='ocrx_word' id='word_1_333' title='bbox 389 3696 395 3708; x_wconf 92' lang='lat'>.</span> <span class='ocrx_word' id='word_1_334' title='bbox 413 3696 419 3707; x_wconf 90' lang='lat'>.</span> <span class='ocrx_word' id='word_1_335' title='bbox 438 3696 444 3708; x_wconf 86' lang='lat'><strong>.</strong></span> <span class='ocrx_word' id='word_1_336' title='bbox 463 3663 480 3709; x_wconf 85' lang='lat' dir='ltr'><strong>l.</strong></span> <span class='ocrx_word' id='word_1_337' title='bbox 495 3664 525 3709; x_wconf 89' lang='grc'><strong>16</strong></span> <span class='ocrx_word' id='word_1_338' title='bbox 545 3661 669 3722; x_wconf 75' lang='lat' dir='ltr'><strong>portendit</strong></span> <span class='ocrx_word' id='word_1_339' title='bbox 690 3663 722 3710; x_wconf 90' lang='lat' dir='ltr'><strong>ab</strong></span> <span class='ocrx_word' id='word_1_340' title='bbox 740 3663 840 3723; x_wconf 85' lang='lat' dir='ltr'><strong>Hygino</strong></span> <span class='ocrx_word' id='word_1_341' title='bbox 857 3663 967 3723; x_wconf 85' lang='lat' dir='ltr'><strong>profecta</strong></span> <span class='ocrx_word' id='word_1_342' title='bbox 985 3676 1039 3710; x_wconf 86' lang='lat' dir='ltr'><strong>esse</strong></span> <span class='ocrx_word' id='word_1_343' title='bbox 1061 3677 1110 3709; x_wconf 91' lang='lat' dir='ltr'><strong>non</strong></span> <span class='ocrx_word' id='word_1_344' title='bbox 1128 3666 1239 3722; x_wconf 87' lang='lat' dir='ltr'><strong>possunt.</strong></span> <span class='ocrx_word' id='word_1_345' title='bbox 1262 3676 1332 3721; x_wconf 89' lang='lat' dir='ltr'><strong>prae-</strong></span> 
     </span>
     <span class='ocr_line' id='line_1_33' title="bbox 102 3756 1333 3817; baseline 0 -13"><span class='ocrx_word' id='word_1_346' title='bbox 102 3761 169 3805; x_wconf 89' lang='lat' dir='ltr'><strong>terea</strong></span> <span class='ocrx_word' id='word_1_347' title='bbox 187 3757 380 3804; x_wconf 89' lang='lat' dir='ltr'><strong>additamentum</strong></span> <span class='ocrx_word' id='word_1_348' title='bbox 398 3760 422 3802; x_wconf 89' lang='lat' dir='ltr'><strong>et</strong></span> <span class='ocrx_word' id='word_1_349' title='bbox 438 3756 519 3814; x_wconf 82' lang='lat' dir='ltr'><strong>ipsum</strong></span> <span class='ocrx_word' id='word_1_350' title='bbox 536 3757 666 3816; x_wconf 85' lang='lat' dir='ltr'><strong>paullatim</strong></span> <span class='ocrx_word' id='word_1_351' title='bbox 684 3756 835 3804; x_wconf 88' lang='lat' dir='ltr'><strong>incrementa</strong></span> <span class='ocrx_word' id='word_1_352' title='bbox 851 3758 945 3817; x_wconf 86' lang='lat' dir='ltr'><strong>cepisse</strong></span> <span class='ocrx_word' id='word_1_353' title='bbox 962 3756 1086 3803; x_wconf 88' lang='lat' dir='ltr'><strong>videbitur</strong></span> <span class='ocrx_word' id='word_1_354' title='bbox 1103 3757 1227 3816; x_wconf 88' lang='lat' dir='ltr'><strong>reputanti</strong></span> <span class='ocrx_word' id='word_1_355' title='bbox 1239 3757 1333 3804; x_wconf 85' lang='lat' dir='ltr'><strong>Timaei</strong></span> 
     </span>
     <span class='ocr_line' id='line_1_34' title="bbox 101 3849 1332 3911; baseline 0.001 -13"><span class='ocrx_word' id='word_1_356' title='bbox 101 3851 166 3898; x_wconf 88' lang='lat' dir='ltr'><strong>hanc</strong></span> <span class='ocrx_word' id='word_1_357' title='bbox 182 3850 258 3897; x_wconf 83' lang='lat' dir='ltr'><strong>fnisse</strong></span> <span class='ocrx_word' id='word_1_358' title='bbox 276 3849 441 3896; x_wconf 87' lang='lat' dir='ltr'><strong>narrationem</strong></span> <span class='ocrx_word' id='word_1_359' title='bbox 453 3849 574 3896; x_wconf 83' lang='lat' dir='ltr'><strong>latinitate</strong></span> <span class='ocrx_word' id='word_1_360' title='bbox 586 3851 717 3897; x_wconf 87' lang='lat' dir='ltr'><strong>donatam:</strong></span> <span class='ocrx_word' id='word_1_361' title='bbox 735 3854 774 3897; x_wconf 84' lang='lat' dir='ltr'><strong>‘ex</strong></span> <span class='ocrx_word' id='word_1_362' title='bbox 791 3851 830 3898; x_wconf 86' lang='lat' dir='ltr'><strong>hie</strong></span> <span class='ocrx_word' id='word_1_363' title='bbox 841 3851 949 3911; x_wconf 86' lang='lat' dir='ltr'><strong>quinque</strong></span> <span class='ocrx_word' id='word_1_364' title='bbox 965 3851 1058 3910; x_wconf 88' lang='lat' dir='ltr'><strong>primae</strong></span> <span class='ocrx_word' id='word_1_365' title='bbox 1069 3851 1133 3898; x_wconf 89' lang='lat' dir='ltr'><strong>inter</strong></span> <span class='ocrx_word' id='word_1_366' title='bbox 1147 3850 1228 3898; x_wconf 89' lang='lat' dir='ltr'><strong>sidera</strong></span> <span class='ocrx_word' id='word_1_367' title='bbox 1240 3852 1332 3899; x_wconf 87' lang='lat' dir='ltr'><strong>relatae</strong></span> 
     </span>
     <span class='ocr_line' id='line_1_35' title="bbox 101 3943 1332 4006; baseline 0.002 -14"><span class='ocrx_word' id='word_1_368' title='bbox 101 3947 184 3992; x_wconf 86' lang='lat' dir='ltr'><strong>locum</strong></span> <span class='ocrx_word' id='word_1_369' title='bbox 200 3944 294 3992; x_wconf 86' lang='lat' dir='ltr'><strong>habent</strong></span> <span class='ocrx_word' id='word_1_370' title='bbox 310 3943 373 3990; x_wconf 86' lang='lat' dir='ltr'><strong>inter</strong></span> <span class='ocrx_word' id='word_1_371' title='bbox 391 3958 484 3991; x_wconf 88' lang='lat' dir='ltr'><strong>cornua</strong></span> <span class='ocrx_word' id='word_1_372' title='bbox 501 3944 565 3991; x_wconf 87' lang='lat' dir='ltr'><strong>tauri</strong></span> <span class='ocrx_word' id='word_1_373' title='bbox 583 3945 704 4006; x_wconf 89' lang='lat' dir='ltr'><strong>Phaesyle</strong></span> <span class='ocrx_word' id='word_1_374' title='bbox 722 3945 854 3992; x_wconf 80' lang='lat' dir='ltr'><strong>Ambrosia</strong></span> <span class='ocrx_word' id='word_1_375' title='bbox 873 3944 976 3992; x_wconf 81' lang='lat' dir='ltr'><strong>Coronis</strong></span> <span class='ocrx_word' id='word_1_376' title='bbox 994 3944 1094 3992; x_wconf 88' lang='lat' dir='ltr'><strong>Eudora</strong></span> <span class='ocrx_word' id='word_1_377' title='bbox 1110 3946 1218 4006; x_wconf 84' lang='lat' dir='ltr'><strong>Polyxo,</strong></span> <span class='ocrx_word' id='word_1_378' title='bbox 1237 3961 1299 4006; x_wconf 91' lang='lat' dir='ltr'><strong>quae</strong></span> <span class='ocrx_word' id='word_1_379' title='bbox 1317 3962 1332 3994; x_wconf 92' lang='lat' dir='ltr'><strong>a</strong></span> 
     </span>
     <span class='ocr_line' id='line_1_36' title="bbox 101 4037 1332 4099; baseline 0.001 -13"><span class='ocrx_word' id='word_1_380' title='bbox 101 4039 184 4086; x_wconf 79' lang='lat' dir='ltr'><strong>fratria</strong></span> <span class='ocrx_word' id='word_1_381' title='bbox 202 4037 301 4085; x_wconf 91' lang='lat' dir='ltr'><strong>nomine</strong></span> <span class='ocrx_word' id='word_1_382' title='bbox 318 4039 476 4098; x_wconf 85' lang='lat' dir='ltr'><strong>appellentur</strong></span> <span class='ocrx_word' id='word_1_383' title='bbox 493 4039 601 4098; x_wconf 82' lang='lat' dir='ltr'><strong>Hyades.</strong></span> <span class='ocrx_word' id='word_1_384' title='bbox 627 4043 738 4086; x_wconf 88' lang='lat' dir='ltr'><strong>caeterae</strong></span> <span class='ocrx_word' id='word_1_385' title='bbox 755 4054 852 4088; x_wconf 86' lang='lat' dir='ltr'><strong>sorores</strong></span> <span class='ocrx_word' id='word_1_386' title='bbox 876 4044 962 4098; x_wconf 89' lang='lat' dir='ltr'><strong>postea</strong></span> <span class='ocrx_word' id='word_1_387' title='bbox 985 4041 1052 4087; x_wconf 86' lang='lat' dir='ltr'><strong>luctu</strong></span> <span class='ocrx_word' id='word_1_388' title='bbox 1069 4045 1228 4099; x_wconf 86' lang='lat' dir='ltr'><strong>consumptae</strong></span> <span class='ocrx_word' id='word_1_389' title='bbox 1251 4040 1332 4087; x_wconf 87' lang='lat' dir='ltr'><strong>sidera</strong></span> 
     </span>
     <span class='ocr_line' id='line_1_37' title="bbox 101 4132 1331 4192; baseline -0.001 -12"><span class='ocrx_word' id='word_1_390' title='bbox 101 4134 181 4180; x_wconf 83' lang='lat' dir='ltr'><strong>factae</strong></span> <span class='ocrx_word' id='word_1_391' title='bbox 198 4137 256 4180; x_wconf 86' lang='lat' dir='ltr'><strong>sunt</strong></span> <span class='ocrx_word' id='word_1_392' title='bbox 273 4137 297 4179; x_wconf 90' lang='lat' dir='ltr'><strong>et</strong></span> <span class='ocrx_word' id='word_1_393' title='bbox 314 4132 372 4191; x_wconf 89' lang='lat' dir='ltr'><strong>quia</strong></span> <span class='ocrx_word' id='word_1_394' title='bbox 389 4133 472 4192; x_wconf 86' lang='lat' dir='ltr'><strong>plures</strong></span> <span class='ocrx_word' id='word_1_395' title='bbox 491 4137 561 4180; x_wconf 89' lang='lat' dir='ltr'><strong>erant</strong></span> <span class='ocrx_word' id='word_1_396' title='bbox 571 4133 685 4182; x_wconf 88' lang='lat' dir='ltr'><strong>Pleiades</strong></span> <span class='ocrx_word' id='word_1_397' title='bbox 703 4133 789 4181; x_wconf 90' lang='lat' dir='ltr'><strong>dictae.</strong></span> <span class='ocrx_word' id='word_1_398' title='bbox 807 4148 890 4180; x_wconf 83' lang='lat' dir='ltr'><strong>aarum</strong></span> <span class='ocrx_word' id='word_1_399' title='bbox 902 4134 1003 4181; x_wconf 88' lang='lat' dir='ltr'><strong>nomina</strong></span> <span class='ocrx_word' id='word_1_400' title='bbox 1020 4135 1081 4181; x_wconf 82' lang='lat' dir='ltr'><strong>haec</strong></span> <span class='ocrx_word' id='word_1_401' title='bbox 1100 4138 1157 4182; x_wconf 91' lang='lat' dir='ltr'><strong>sunt</strong></span> <span class='ocrx_word' id='word_1_402' title='bbox 1173 4133 1331 4180; x_wconf 87' lang='lat' dir='ltr'><strong>Electra...</strong></span> 
     </span>
     <span class='ocr_line' id='line_1_38' title="bbox 102 4222 1331 4287; baseline 0 -13"><span class='ocrx_word' id='word_1_403' title='bbox 102 4226 185 4274; x_wconf 76' lang='lat' dir='ltr'><strong>Maia&#39;.</strong></span> <span class='ocrx_word' id='word_1_404' title='bbox 203 4241 260 4273; x_wconf 90' lang='lat' dir='ltr'><strong>nam</strong></span> <span class='ocrx_word' id='word_1_405' title='bbox 278 4227 355 4274; x_wconf 92' lang='lat' dir='ltr'><strong>schol.</strong></span> <span class='ocrx_word' id='word_1_406' title='bbox 368 4228 442 4275; x_wconf 88' lang='lat' dir='ltr'><strong>Hom.</strong></span> <span class='ocrx_word' id='word_1_407' title='bbox 458 4228 488 4274; x_wconf 89' lang='lat' dir='ltr'><strong>ll.</strong></span> <span class='ocrx_word' id='word_1_408' title='bbox 507 4243 531 4287; x_wconf 87' lang='lat' dir='ltr'><strong>p.</strong></span> <span class='ocrx_word' id='word_1_409' title='bbox 544 4228 601 4285; x_wconf 81' lang='lat'><strong>506,</strong></span> <span class='ocrx_word' id='word_1_410' title='bbox 620 4227 681 4276; x_wconf 80' lang='lat' dir='ltr'><strong>bae</strong></span> <span class='ocrx_word' id='word_1_411' title='bbox 699 4228 789 4276; x_wconf 86' lang='lat' dir='ltr'><strong>vitiosa</strong></span> <span class='ocrx_word' id='word_1_412' title='bbox 807 4234 864 4276; x_wconf 87' lang='lat' dir='ltr'><strong>aunt</strong></span> <span class='ocrx_word' id='word_1_413' title='bbox 876 4227 952 4274; x_wconf 87' lang='lat' dir='ltr'><strong>verba</strong></span> <span class='ocrx_word' id='word_1_414' title='bbox 968 4222 1016 4284; x_wconf 80' lang='grc' dir='ltr'><strong>τὰς</strong></span> <span class='ocrx_word' id='word_1_415' title='bbox 1034 4224 1062 4278; x_wconf 83' lang='grc' dir='ltr'><strong>δὲ</strong></span> <span class='ocrx_word' id='word_1_416' title='bbox 1081 4222 1167 4284; x_wconf 69' lang='grc' dir='ltr'><strong>λοιπούς</strong></span> <span class='ocrx_word' id='word_1_417' title='bbox 1184 4232 1208 4274; x_wconf 92' lang='lat' dir='ltr'><strong>et</strong></span> <span class='ocrx_word' id='word_1_418' title='bbox 1225 4227 1261 4275; x_wconf 90' lang='lat' dir='ltr'><strong>sic</strong></span> <span class='ocrx_word' id='word_1_419' title='bbox 1278 4241 1331 4274; x_wconf 91' lang='lat' dir='ltr'><strong>cor·</strong></span> 
     </span>
     <span class='ocr_line' id='line_1_39' title="bbox 103 4313 718 4381; baseline 0.003 -14"><span class='ocrx_word' id='word_1_420' title='bbox 103 4321 206 4381; x_wconf 80' lang='lat' dir='ltr'><strong>riganda</strong></span> <span class='ocrx_word' id='word_1_421' title='bbox 225 4315 314 4376; x_wconf 83' lang='grc' dir='ltr'><strong>λύπαις</strong></span> <span class='ocrx_word' id='word_1_422' title='bbox 332 4313 488 4380; x_wconf 81' lang='grc' dir='ltr'><strong>ἀπόλλυνται,</strong></span> <span class='ocrx_word' id='word_1_423' title='bbox 507 4316 602 4377; x_wconf 81' lang='grc' dir='ltr'><strong>ταύτας</strong></span> <span class='ocrx_word' id='word_1_424' title='bbox 619 4319 648 4373; x_wconf 74' lang='grc' dir='ltr'><strong>δὲ</strong></span> <span class='ocrx_word' id='word_1_425' title='bbox 666 4321 718 4370; x_wconf 89' lang='grc' dir='ltr'><strong>κτλ.</strong></span> 
     </span>
    </p>
   </div>
   <div class='ocr_carea' id='block_1_5' title="bbox 173 4414 1332 4476">
    <p class='ocr_par' dir='ltr' id='par_1_6' title="bbox 173 4414 1332 4476">
     <span class='ocr_line' id='line_1_40' title="bbox 173 4414 1332 4476; baseline 0.003 -14"><span class='ocrx_word' id='word_1_426' title='bbox 173 4414 276 4463; x_wconf 81' lang='lat' dir='ltr'>CXCIII</span> <span class='ocrx_word' id='word_1_427' title='bbox 294 4415 435 4476; x_wconf 88' lang='lat' dir='ltr'><strong>harpalicns</strong></span> <span class='ocrx_word' id='word_1_428' title='bbox 456 4416 476 4461; x_wconf 79' lang='lat' dir='ltr'>F</span> <span class='ocrx_word' id='word_1_429' title='bbox 494 4415 585 4474; x_wconf 89' lang='lat' dir='ltr'><strong>ubique</strong></span> <span class='ocrx_word' id='word_1_430' title='bbox 602 4428 657 4462; x_wconf 90' lang='lat' dir='ltr'><strong>corr</strong></span> <span class='ocrx_word' id='word_1_431' title='bbox 674 4415 712 4460; x_wconf 91' lang='lat' dir='ltr'><strong>Bu</strong></span> <span class='ocrx_word' id='word_1_432' title='bbox 766 4419 795 4463; x_wconf 83' lang='lat' dir='ltr'><strong>ll</strong></span> <span class='ocrx_word' id='word_1_433' title='bbox 815 4428 997 4476; x_wconf 86' lang='lat' dir='ltr'><strong>amymaeorum</strong></span> <span class='ocrx_word' id='word_1_434' title='bbox 1014 4416 1034 4461; x_wconf 82' lang='lat' dir='ltr'><strong>F</strong></span> <span class='ocrx_word' id='word_1_435' title='bbox 1051 4430 1227 4474; x_wconf 77' lang='lat' dir='ltr'><strong>amymaeomrm</strong></span> <span class='ocrx_word' id='word_1_436' title='bbox 1245 4415 1332 4466; x_wconf 83' lang='lat' dir='ltr'><strong>Corum</strong></span> 
     </span>
    </p>
   </div>
   <div class='ocr_carea' id='block_1_6' title="bbox 0 0 1546 4950">
    <p class='ocr_par' dir='ltr' id='par_1_7' title="bbox 0 0 1546 4950">
     <span class='ocr_line' id='line_1_41' title="bbox 0 0 1546 4950; baseline 0 0"><span class='ocrx_word' id='word_1_437' title='bbox 0 0 1546 4950; x_wconf 95' lang='lat' dir='ltr'><strong> </strong></span> 
     </span>
    </p>
   </div>
  </div>
 </body>
</html>
