3082 4950
731 199 791 262 LII

146 359 258 416 Maesa
273 360 373 416 tamen
392 377 446 434 pro
460 352 580 435 Mys'ia
600 361 635 415 ut
658 375 725 416 cum
739 356 882 416 Meistero
899 357 1016 415 ederem
1037 374 1055 415 a
1075 370 1123 416 me
1145 377 1206 416 non
1220 347 1381 434 impetravi

150 469 201 548 qui
231 489 328 548 neque
355 469 549 542 Froegiae
579 468 747 527 admiserim
776 489 842 527 cum
868 468 1070 528 Schuchardto
1099 468 1231 543 Vulg‘arl.
1254 470 1290 528 H
1321 473 1380 527 281

150 581 326 640 ORibbeck
346 586 420 654 trag.
445 601 517 639 rom.
542 581 578 639 fr.
595 584 666 639 Aee.
688 580 755 638 179.
799 580 937 658 Denique
960 580 996 638 de
1018 580 1171 639 nominum
1193 580 1384 657 propriorum

149 692 347 751 declinatione
369 692 504 751 anomala
529 692 655 750 lectores
679 692 716 749 ad
733 691 810 750 Neui
833 691 942 750 librum
960 691 1217 764 diligentissimum
1240 692 1385 752 brevitati

150 805 271 863 studens
287 803 430 878 ablegari.
460 805 540 862 hune
558 803 652 877 igitur
673 803 849 880 inspicient,
880 803 1000 882 nequis
1018 803 1053 860 de
1072 802 1176 862 formis
1195 802 1297 881 quales
1314 807 1386 862 sunt

153 917 252 973 Titani
274 916 432 973 Briseidam
459 915 569 991 Chrysi
583 913 667 972 Perse·
682 914 830 991 Sphingae
853 933 926 990 aega
949 916 1129 972 Amazonam
1151 914 1332 972 Salaminam
1357 915 1387 993 (a

151 1027 261 1086 codice
275 1027 421 1086 Bemensi
443 1026 550 1102 Dictys
573 1025 722 1086 Cretensis
747 1026 792 1085 VI
815 1032 833 1084 4
861 1026 960 1084 oblata
985 1026 1036 1084 sed
1061 1045 1080 1084 a
1101 1025 1243 1085 Meistero
1270 1027 1386 1104 spreta)

150 1139 196 1214 Ity
220 1138 305 1214 Arga
329 1138 451 1196 Callisto
474 1137 582 1196 similia
603 1137 732 1196 resideat
755 1137 918 1214 scrupulus.

235 1251 273 1307 In
303 1249 434 1308 numeris
462 1248 568 1326 capitis
591 1249 707 1308 XcVII
736 1248 927 1308 emendandis
955 1252 1071 1306 tantum
1102 1249 1179 1325 apud
1211 1269 1258 1306 me
1288 1248 1389 1309 valuit

151 1361 276 1420 Homeri
293 1361 467 1433 auctoritas,
490 1356 525 1419 ut
544 1361 593 1420 vel
608 1360 705 1420 invito
724 1360 823 1419 codiee
846 1360 1012 1419 homericos
1030 1380 1168 1420 numeros
1184 1360 1388 1419 restituendos

153 1494 216 1532 esse
239 1483 388 1549 putarem:
419 1472 452 1531 in
476 1472 572 1548 eapite
594 1476 693 1530 antem
710 1473 831 1532 CXIIII
853 1472 966 1531 scribae
991 1492 1059 1530 suos
1076 1471 1245 1551 relinquere
1270 1493 1389 1532 errores

153 1586 246 1644 satius
270 1585 357 1657 duxi,
388 1604 454 1643 cum
476 1583 634 1644 Protesilai
651 1583 835 1642 Philoctetae
853 1583 1041 1660 Neoptolemi
1066 1583 1188 1641 nomina
1209 1584 1390 1643 documento

153 1697 233 1755 haud
251 1695 340 1754 dubio
358 1700 469 1768 essent,
500 1696 654 1772 Hyginum
671 1697 728 1754 hac
744 1696 777 1753 in
800 1715 833 1754 re
852 1699 970 1772 praeter
986 1697 1150 1754 Homerum
1174 1695 1247 1754 alios
1268 1715 1391 1775 quoqne

153 1812 245 1866 testes
269 1812 401 1866 secutum
426 1827 505 1881 esse,
538 1826 662 1886 quorum
680 1806 869 1883 computandi
893 1806 1040 1866 rationem
1061 1807 1240 1881 ignoramus.
1271 1807 1393 1867 numeri

155 1917 298 1976 homerici
320 1918 353 1975 hi
376 1922 459 1977 sunt:
530 1898 546 1925 ⁶

156 2028 288 2089 Achilles
540 2029 746 2088 XXXXVIII
796 2029 974 2088 Antilochus
1076 2029 1172 2088 VIIII

156 2140 338 2199 Protesilaus
796 2139 982 2198 Peneleus
1136 2141 1170 2198 II
1242 2136 1248 2149 ⁸

157 2250 330 2329 Eurypylus
696 2253 746 2310 HI
797 2250 876 2309 Aiax
898 2250 975 2309 Oilei
1136 2252 1170 2309 H

157 2363 255 2421 Thoas
729 2364 747 2421 Ι
797 2363 900 2422 Leitus
1152 2362 1169 2419 I

158 2475 373 2550 Thrasymedes
730 2473 746 2530 I
1048 2546 1051 2550 Δ

158 2590 363 2661 Agamemnon
698 2585 747 2643 XI
798 2584 956 2645 Diomedes
1108 2583 1172 2642 XX

159 2698 352 2756 Menelaus
657 2668 748 2756 ⁴VIII
798 2695 966 2755 Philocteta

160 2809 349 2868 Meriones
685 2807 748 2866 VII
798 2807 920 2884 Ulysses
1063 2805 1174 2867 XVIII

160 2921 337 2978 Idomeneus
703 2917 749 2976 VI
802 2920 994 2978 Leonteus
1146 2920 1174 2979 V

161 3032 260 3091 Aiax
282 3029 520 3090 Telamonius
626 3027 751 3087 XXVII

161 3141 365 3202 Patroclus
659 3138 752 3196 LIIII
803 3138 983 3216 Polypoetes
1130 3142 1175 3200 IV

162 3256 275 3314 Teucer
691 3250 751 3310 XV
803 3249 1015 3327 Neoptolemus

578 3364 629 3423 Pit
650 3384 790 3423 numerus
807 3363 980 3424 OOXXXX

247 3476 293 3537 De
317 3475 453 3535 Menelao
477 3475 571 3549 igitur
586 3475 722 3534 Merione
739 3473 867 3533 Peneleo
889 3476 1021 3533 Leonteo
1039 3472 1160 3549 Hygino
1181 3493 1247 3532 eum
1263 3474 1397 3536 Homero

165 3589 312 3662 convenit,
331 3592 421 3666 atque
435 3586 600 3665 antiquitus
615 3587 651 3644 de
662 3585 754 3644 Aiace
764 3585 934 3645 Telamonia
945 3585 1083 3644 Patroclo
1095 3584 1249 3662 Eurypylo
1261 3585 1398 3646 Thoante

164 3699 363 3778 Thrasymede
384 3698 548 3776 Polypoete
575 3697 748 3759 convenisse
773 3696 910 3756 conicias.
953 3696 1010 3755 sed
1032 3695 1155 3774 reIIquis
1172 3697 1304 3755 numeris
1325 3698 1399 3776 quid

165 3809 237 3870 fiet?
278 3812 317 3869 In
333 3810 371 3869 iia
386 3811 459 3869 mihi
479 3810 596 3889 quidem
615 3808 735 3885 gravius
754 3814 908 3885 peccatum
924 3809 1057 3881 videtur,
1082 3826 1170 3887 quam
1188 3827 1263 3887 quos
1281 3810 1398 3869 sobrius

166 3921 286 3982 criticus
304 3941 342 3981 ex
358 3922 489 3982 Homero
514 3922 669 3982 emendare
688 3920 802 3981 audeat.
846 3921 945 3979 Etiam
964 3919 1069 3997 eapitis
1086 3919 1265 3979 OOLXXVI
1281 3921 1399 3981 numeri

167 4053 233 4094 cum
249 4033 333 4110 peius
350 4033 409 4093 sint
425 4033 529 4107 habiti,
553 4052 640 4112 quam
656 4037 690 4091 ut
709 4037 789 4092 certa
804 4032 980 4091 emendandi
996 4031 1047 4091 via
1062 4034 1170 4107 pateat,
1193 4030 1225 4089 in
1241 4037 1305 4091 toto
1324 4040 1398 4092 tme-

165 4151 244 4204 mate
261 4146 298 4204 ad
314 4144 403 4204 fidem
420 4145 559 4204 editionis
575 4144 719 4221 principis
736 4164 876 4221 expresso
895 4142 1073 4203 coniecturis
1087 4161 1134 4201 me
1151 4142 1296 4202 abstinui:
1318 4145 1401 4203 haud

167 4257 227 4315 seio
250 4261 348 4315 tamen
371 4276 409 4315 an
439 4276 457 4315 a
485 4275 556 4317 vero
581 4255 715 4331 proxime
744 4255 783 4314 sit
807 4256 957 4327 ctutum,
988 4255 1040 4333 qui
1064 4253 1152 4312 stadii
1177 4254 1398 4315 Eratosthenioi

167 4386 279 4426 memor
301 4367 442 4446 (Hultsch
467 4365 581 4425 metrol.
603 4385 632 4441 p.
653 4366 703 4443 50)
726 4367 858 4425 tabulam
880 4365 1042 4426 confecerit
1062 4368 1156 4425 hanc:
