3082 4950
743 203 785 271 83

489 463 516 535 Α.
598 444 777 511 'LXXXIII
801 445 918 527 Pelops

235 583 352 664 Pelops
382 581 509 648 Tantali
531 586 564 646 et
592 582 712 648 Diones
736 583 876 649 Atlantis
904 580 990 647 filiae
1016 580 1100 646 filius
1130 600 1199 646 oum
1231 584 1319 646 esset
1345 580 1379 644 in

151 694 254 777 epulis
277 695 409 759 deornm
432 711 452 757 a
473 692 609 757 Tantalo
633 710 761 774 caesus,
783 671 947 759 brachium
970 694 1038 758 eius
1056 693 1152 758 Oeres
1175 692 1380 772 consumpsit.
1466 700 1469 705 ⁴

152 806 205 889 qui
227 826 247 871 a
269 806 398 870 deorum
422 805 549 887 numine
571 804 669 868 vitam
692 804 822 885 recepit.
845 804 894 869 cui
917 822 987 869 oum
1010 808 1159 883 claletera
1181 803 1323 868 membra
1344 807 1381 868 ut

150 917 276 983 fuerant
299 917 453 996 coissent,
474 916 605 980 humero
627 934 690 981 uon
712 920 884 997 perpetuo,
906 914 1077 980 eburneum
1102 915 1170 980 eius
1192 914 1262 979 loco
1284 914 1380 979 Ocres

151 1028 283 1111 aptam.
601 1013 606 1023 '
816 1002 827 1031 ⁶
1389 1027 1410 1092 s

956 1103 962 1134 r

528 1186 548 1243 ν’
572 1179 753 1279 LXXMIHI
775 1200 956 1281 Oenomaus

236 1338 417 1402 Oenomaus
439 1334 551 1400 Martis
575 1338 608 1399 et
628 1335 802 1418 Asteropes
826 1334 980 1418 lAtlantisl
1004 1333 1088 1399 filiae
1109 1333 1193 1400 filins
1216 1334 1328 1399 habuit
1348 1334 1381 1398 in

153 1449 298 1529 coniugio
320 1447 480 1511 Euareten
502 1445 616 1510 Acrisii
644 1445 758 1527 filiam,
790 1465 828 1510 ex
850 1465 913 1527 qua
934 1445 1114 1527 procreavit
1136 1445 1382 1527 Hippodamiam

151 1559 307 1642 uirginem
335 1557 468 1623 eximiae
498 1555 634 1637 formae,
666 1575 760 1638 quam
792 1557 871 1622 nulli
898 1557 971 1622 ideo
1002 1557 1101 1621 dabat
1131 1558 1163 1622 in
1193 1557 1382 1638 coniugium,

87 1670 90 1675 ’
151 1672 235 1755 quod
264 1669 325 1737 sibi
346 1687 537 1763 responsum
566 1666 627 1758 luit
654 1686 814 1750 agenero
842 1673 975 1733 mortem
998 1666 1284 1752 peremptisque
1313 1687 1383 1733 oum

151 1782 332 1864 complures
354 1798 424 1845 earn
446 1784 593 1861 peterent
614 1780 646 1844 in
669 1779 848 1862 coniugium
872 1778 1066 1845 simultatem
1088 1779 1268 1860 constituit,
1296 1799 1332 1845 se
1354 1780 1433 1850 eim

151 1893 317 1973 dammum,
339 1891 394 1973 qui
415 1908 522 1956 secum
541 1890 705 1973 quadrigis
727 1895 885 1957 certasset
906 1890 1069 1971 victorque
1092 1891 1212 1957 exisset
1233 1892 1332 1973 (quod
1354 1892 1382 1957 is

152 2022 249 2087 equos
265 2002 422 2085 Aquilone
437 2001 612 2067 velociores
628 2001 763 2085 habuit),
778 2001 881 2067 victus
897 2008 1004 2068 autem
1019 2001 1257 2069 interficeretur.
1273 2003 1382 2069 multis

150 2114 325 2182 interfectis
355 2105 528 2178 novissime
549 2112 666 2195 Pelops
689 2113 817 2179 Tantali
845 2112 930 2179 filius
959 2131 1029 2179 cum
1051 2113 1193 2179 venisset
1222 2119 1255 2180 et
1276 2116 1383 2196 capita

86 2242 94 2264 ’
150 2227 291 2292 humana
310 2243 407 2306 super
423 2224 533 2290 valvas
552 2222 616 2288 fixa
636 2224 772 2289 vidisset
791 2243 900 2288 eorum
917 2224 971 2306 qui
989 2220 1236 2306 Hippodamiam
1255 2225 1288 2290 in
1305 2226 1382 2291 uxo-

100 2343 103 2352 '
151 2358 217 2406 rem
234 2337 405 2421 petierant,
427 2334 592 2416 poenitere
608 2339 701 2415 [eum]
718 2335 824 2418 coepit
839 2335 925 2417 regis
941 2335 1161 2401 crudelitatem
1176 2336 1301 2402 timens.
1323 2337 1432 2407 ita-15

153 2468 214 2532 que
229 2447 359 2530 Myrtilo
376 2446 507 2528 aurigae
522 2447 591 2512 eius
606 2447 769 2528 persuasit
783 2464 978 2528 regnumque
993 2446 1023 2511 ei
1038 2446 1202 2512 dimidium
1216 2447 1384 2529 pollicetur

153 2559 181 2625 si
204 2577 240 2626 se
262 2559 437 2625 adiuvaret.
458 2556 522 2622 fide
544 2557 621 2622 data
639 2539 787 2640 Myrtilus
810 2576 935 2624 currum
953 2558 1055 2624 iunxit
1077 2564 1109 2623 et
1126 2559 1233 2625 clavos
1248 2559 1280 2624 in
1295 2567 1384 2626 rotas

153 2688 217 2737 non
239 2669 384 2739 coniecit:
406 2668 515 2750 itaque
534 2669 623 2750 equis
643 2668 794 2750 incitatis,
816 2687 941 2735 currum
963 2668 1119 2735 defectum
1136 2671 1289 2736 Oenomai
1313 2672 1385 2754 equi

154 2780 378 2848 distraxerunt.
429 2778 546 2862 Pelops
578 2799 648 2846 cum
673 2780 889 2862 Hippodamia
918 2785 951 2846 et
973 2781 1102 2863 Myrtilo
1129 2782 1255 2847 domum
1283 2783 1385 2849 victor

154 2910 225 2959 oum
239 2891 360 2957 rediret
376 2890 529 2972 cogitavit
544 2892 605 2958 sibi
619 2891 823 2975 opprobrium
838 2891 978 2957 futurum
996 2896 1028 2957 et
1039 2892 1167 2974 Myrtilo
1180 2892 1276 2959 fidem
1291 2900 1435 2977 prae-20

154 3008 241 3071 stare
259 3002 363 3068 noluit
380 3020 515 3084 eumque
536 3003 569 3069 in
587 3022 674 3070 mare
694 3003 926 3086 praecipitavit,
948 3023 968 3068 a
991 3023 1052 3085 quo
1070 3005 1229 3086 Myrtoum
1251 3006 1385 3088 pelagus

154 3119 205 3182 est
219 3113 424 3198 appellatum.
458 3112 705 3197 Hippodamiam
722 3115 754 3180 in
770 3114 907 3196 patriam
924 3115 1056 3181 abduxit
1072 3133 1173 3196 suam,
1194 3117 1280 3198 quod
1294 3116 1385 3182 Pelo-

154 3244 332 3309 ponnesum
362 3224 569 3307 appellatur.'
591 3225 634 3290 ibi
667 3245 705 3292 ex
736 3225 952 3307 Hippodamia
983 3226 1165 3308 procreavit
1193 3224 1423 3310 Hippalcum‘

82 3380 85 3385 ι
155 3340 287 3405 Atreum
308 3336 476 3418 Thyesten.

442 3522 447 3531 ·
557 3506 730 3573 «LXXXV
752 3506 950 3590 Chrysippus

240 3644 340 3711 Laius
355 3642 497 3710 Labdaci
510 3642 595 3709 filius
612 3643 824 3727 chrysippum
839 3643 968 3727 Pelopis
985 3642 1084 3710 filium
1100 3649 1239 3721 Jsuatum
1255 3645 1436 3728 proptethr

224 3821 241 3867 4
254 3825 371 3879 perpetuo
388 3822 543 3879 suspectam
561 3818 674 3880 roperto!
931 3818 947 3850 Ν

226 3913 360 3963 truands
382 3913 460 3960 ornF
485 3912 527 3960 adi
544 3913 589 3960 Mu
644 3913 803 3962 OoaveroF
826 3927 865 3960 om
882 3912 921 3959 Bu
978 3914 1011 3960 14
1029 3911 1156 3959 halbasF
1181 3927 1236 3960 corr
1253 3913 1309 3960 Mic.
1327 3913 1344 3960 i.
1362 3928 1386 3961 m

159 4006 207 4076 {lin
225 4006 335 4068 uorem]
354 4021 452 4055 uxorem
464 4007 511 4066 Bu,
530 4007 574 4055 sod
592 4008 627 4054 cfr
645 4007 696 4055 lab.
708 4008 732 4053 X
752 4006 784 4054 ‘in
802 4005 947 4067 coniugem',
965 4005 1012 4053 nisi
1031 4007 1093 4054 forts
1110 4021 1190 4054 eorum
1267 4007 1389 4068 petierunt

156 4103 267 4151 eloienda
285 4105 343 4149 sunt
394 4103 425 4149 to
442 4101 567 4161 poenitere
585 4101 657 4164 [enm]
677 4103 701 4148 h.
715 4117 735 4149 a.
753 4102 850 4149 consilii
867 4101 995 4161 poenitens
1019 4101 1071 4147 fieri
1125 4105 1156 4149 22
1175 4101 1277 4148 adduxit
1293 4102 1314 4147 F
1332 4115 1387 4147 corr

155 4196 200 4244 Mn
246 4199 286 4244 22.
300 4197 332 4245 23
345 4195 419 4258 [quod
429 4195 613 4256 Peloponnesum
625 4195 768 4263 appellatur]
782 4198 838 4243 secl.
853 4195 914 4253 Soh3
929 4195 1023 4242 fallitur·
1035 4194 1054 4241 C
1064 4195 1148 4255 lanugo
1160 4210 1184 4255 p.
1197 4198 1229 4243 48
1278 4197 1309 4243 23
1326 4195 1387 4255 Ilip-

86 4274 94 4289 '
156 4289 290 4353 palcimnm
308 4290 347 4337 nu
399 4292 431 4338 24
449 4289 554 4339 thiesten
572 4291 592 4336 H
609 4305 665 4337 corr
683 4289 769 4337 Comm

226 4388 259 4436 no
276 4386 372 4433 merom
390 4385 445 4431 conr
463 4385 541 4432 sarm
559 4381 702 4449 Χρυσίππῳ
725 4376 794 4448 νόθῳ
812 4379 907 4434 ἑαυτῶν
924 4377 1030 4450 ἀδελφῷ
1049 4382 1132 4432 sena.
1150 4382 1194 4431 nn
1212 4383 1284 4431 urna.
1303 4382 1386 4431 eros

1137 4475 1182 4537 6*
