3082 4950
799 227 861 292 142

214 377 317 446 Oissei
332 378 398 444 filia
415 398 495 444 uxor
509 379 634 446 Priami.
673 380 821 446 Theonoe
835 380 1000 447 Tbestoris
1014 362 1088 446 filia.
1110 397 1190 446 uxor
1204 380 1342 448 Admeti.
1375 383 1450 462 [Ro-

214 509 380 557 manorum
399 491 549 556 Lucretia
570 491 711 558 Lucretii
732 491 798 557 filia
821 493 955 558 coniunx
979 491 1147 572 Collatini]

374 689 515 755 CCLVII
537 688 599 766 Qui
620 689 706 754 inter
728 708 763 754 se
786 688 925 754 amicitia
946 687 1136 754 iunctissimi
1159 688 1288 754 luemnt

298 825 435 906 Pylades
459 817 598 907 Strophii
626 823 710 890 filius
740 843 810 890 cum
833 825 947 890 Oreste
974 825 1221 906 Agamemnonis
1249 823 1325 889 filio.
1368 825 1449 889 Piri·

213 937 309 1001 thous
331 937 449 1001 Ixionis
480 936 564 1001 filius
594 953 664 1001 cum
687 937 811 1002 Theseo
841 936 940 1018 Aegei
966 935 1040 1000 filio.
1085 934 1224 1001 Achilles
1246 935 1335 1001 Pelei
1362 934 1449 1001 filius

184 1051 284 1116 houm
307 1048 454 1114 Patroclo
476 1047 628 1112 Menoetii
654 1047 728 1113 filio.
772 1048 941 1113 Diomedes
964 1047 1063 1128 Tydei
1090 1046 1175 1112 filius
1203 1066 1274 1112 cum
1297 1046 1450 1113 Sthenelo

214 1159 354 1242 Capanei
382 1159 456 1224 filio.
500 1158 616 1223 Peleus
638 1159 736 1224 Aeaci
765 1158 850 1224 filius
880 1177 949 1224 cum
980 1159 1137 1224 Phoenice
1159 1158 1344 1241 Amyntoris
1372 1159 1448 1226 filio.

213 1271 368 1336 Hercules
391 1270 475 1335 lovis
497 1268 582 1335 filius
605 1288 675 1334 cum
698 1270 876 1335 Philocteta
892 1270 1044 1335 Poeantis
1066 1268 1141 1336 filio.
1185 1271 1392 1350 [Harmodius
1415 1277 1449 1336 et

213 1382 408 1463 Aristogiton
431 1400 519 1446 more
541 1381 703 1458 fraterno]
749 1382 796 1461 [In
816 1381 923 1446 Sicilia
946 1385 1129 1462 [Dionysius]
1156 1386 1312 1464 tyrannus
1335 1382 1448 1447 crude·

212 1493 355 1560 lissimus
377 1511 447 1557 cum
476 1497 564 1557 esset
586 1510 724 1574 suosque
753 1492 838 1558 cives
862 1492 1054 1558 cruciatibus
1083 1490 1287 1572 interficeret,
1318 1493 1449 1560 Moeros

163 1602 723 1688 10111111111111111111111111.
755 1623 848 1685 quem
877 1603 1033 1669 satellites
1063 1622 1134 1668 cum
1156 1603 1451 1685 deprehendissent

213 1724 378 1797 armatum,
394 1717 435 1781 ad
450 1734 557 1797 regem
571 1715 796 1796 perduxerunt.
812 1715 865 1797 qui
880 1715 1096 1796 interrogatus
1108 1716 1275 1796 respondit
1289 1735 1325 1781 se
1336 1735 1448 1799 regem

213 1829 353 1895 voluisse
375 1825 560 1892 interficere.
583 1845 676 1908 quem
700 1845 754 1891 rex
776 1826 872 1891 iussit
894 1824 1064 1908 crucifigi.
1088 1845 1191 1908 aquo
1213 1826 1343 1892 Moerus
1365 1827 1451 1909 petit

212 1940 311 2006 trIdui
323 1942 531 2004 commeatum
545 1942 581 2001 ut
593 1956 734 2002 sororem
747 1956 837 2004 suam
850 1937 964 2019 nuptui
978 1937 1149 2002 collocaret
1160 1944 1193 2002 et
1205 1938 1297 2003 daret
1309 1940 1455 2020 tyranno
1499 1988 1504 1995 .

213 2050 423 2117 Selinuntium
439 2049 573 2113 amicum
596 2068 687 2113 suum
711 2053 743 2113 et
759 2049 900 2114 sodalem
923 2048 976 2130 qui
999 2049 1173 2130 sponderet
1195 2068 1265 2114 eum
1280 2049 1377 2115 tertio
1396 2050 1451 2117 die

105 2202 111 2219 »
162 2163 203 2229 15
213 2168 389 2229 venturum.
421 2159 470 2224 cui
498 2179 553 2224 rex
580 2158 714 2224 indulsit
745 2165 953 2225 commeatum
981 2160 1022 2224 ad
1052 2177 1193 2224 sororem
1216 2161 1449 2244 collocandam,

212 2274 352 2356 dicitque
367 2290 424 2336 rex
440 2270 625 2351 Selinuntio,
646 2276 683 2335 ut
698 2270 759 2336 nisi
777 2272 818 2336 ad
836 2271 920 2335 diem
935 2271 1065 2336 Moerus
1081 2271 1205 2337 veniret
1222 2270 1291 2336 eum
1309 2273 1450 2338 eandem

213 2404 350 2470 poenam
367 2401 552 2465 passurum,
574 2390 607 2447 ct
622 2382 768 2466 dimittiltl
787 2382 939 2447 Moerum.
983 2383 1043 2460 Qui
1066 2383 1220 2449 collocata
1241 2401 1352 2449 sorore
1375 2402 1450 2450 cum

213 2500 444 2574 reverteretur,
466 2498 597 2576 repente
613 2499 807 2575 tempestate
830 2499 863 2558 et
884 2493 991 2576 pluvIa
1015 2498 1085 2559 orta
1106 2493 1222 2560 fiumen
1245 2494 1292 2559 ita
1311 2494 1452 2561 increvit

213 2616 250 2675 ut
271 2626 330 2674 nec
350 2606 480 2672 transiri
502 2623 560 2670 nec
576 2604 772 2669 transnatari
794 2610 913 2685 posset.
936 2607 977 2669 ad
993 2603 1082 2669 cuius
1102 2604 1205 2685 ripam
1221 2603 1351 2670 Moerus
1373 2623 1452 2671 con-

161 2723 205 2787 20
214 2722 298 2787 sedit
327 2724 359 2784 et
384 2717 462 2782 flere
484 2716 588 2798 coepit
617 2735 657 2780 ne
680 2717 799 2781 amicus
827 2734 885 2797 pro
914 2734 950 2780 se
979 2717 1106 2797 periret
1150 2715 1307 2798 [Phalaris]
1337 2721 1450 2783 autem

214 2831 424 2900 Selinuntium
448 2828 532 2893 cruci
553 2827 607 2909 figi
628 2845 698 2891 cum
720 2826 844 2891 iuberet
865 2827 948 2908 ideo,
971 2828 1056 2909 quod
1078 2827 1176 2892 horae
1194 2846 1251 2892 sex
1273 2827 1360 2892 tertii
1382 2828 1450 2895 iam

214 2944 276 3010 diei
300 2945 409 3008 essent
430 2958 488 3004 nec
510 2938 632 3004 veniret
649 2938 787 3017 Moerus,
810 2937 860 3003 cui
878 2937 1074 3004 Selinuntius
1097 2937 1264 3020 respondit
1281 2937 1367 3002 diem
1391 2940 1451 3005 ad-

213 3057 275 3121 huc
290 3073 353 3120 nou
368 3050 583 3134 praeteriisse.
607 3067 740 3130 cumque
756 3050 819 3113 iam
842 3054 875 3114 et
894 3049 993 3114 horae
1012 3068 1124 3114 novem
1144 3053 1261 3129 essent,
1283 3067 1340 3114 rex
1357 3049 1451 3116 iubet

214 3167 286 3234 duci
309 3161 519 3230 Selinuntium
540 3161 574 3226 in
592 3179 724 3226 crucem.
747 3160 801 3243 qui
821 3179 891 3226 eum
908 3161 1077 3226 duceretur
1099 3161 1151 3225 vix
1168 3160 1298 3226 tandem
1314 3162 1451 3229 Moerus

161 3279 204 3345 25
213 3279 347 3345 liberato
365 3273 494 3339 flumine
509 3272 712 3354 consequitur
726 3271 904 3338 carnificem
922 3272 1140 3354 exclamatque
1155 3273 1298 3354 alonge:
1320 3273 1453 3341 sustine

213 3388 360 3468 carnifex,
383 3386 496 3451 adsum
518 3402 610 3466 quem
633 3383 814 3465 spopondit.
837 3385 921 3465 quod
940 3383 1058 3449 lactum
1079 3383 1148 3464 regi
1163 3384 1340 3449 nunciatur.
1365 3403 1451 3466 quos

212 3521 268 3568 rex
290 3502 330 3566 ad
359 3517 395 3564 se
417 3496 512 3561 iussit
533 3494 665 3577 perduci
685 3495 872 3577 rogavitque
900 3513 955 3560 eos
983 3500 1020 3559 ut
1048 3513 1083 3560 se
1110 3495 1142 3559 in
1173 3494 1343 3559 amicitiam
1366 3497 1451 3562 reci·

384 3655 414 3663 .-

214 3755 226 3800 1
246 3751 295 3799 lmo
315 3752 383 3816 {acor
399 3782 406 3795 .
425 3783 431 3795 .
450 3745 555 3794 Alcestin
572 3745 653 3792 Peliae
662 3742 729 3808 filiai

280 3843 392 3893 COLVH
417 3842 447 3889 ef.
475 3842 555 3889 Schol.
581 3839 641 3887 Stat.
665 3840 741 3886 Theb.
761 3841 774 3885 I
796 3842 846 3888 475
872 3855 896 3900 p.
911 3841 942 3886 28
966 3840 1099 3888 Lindenbr.
1126 3840 1299 3887 Westermann
1322 3841 1451 3898 paradox.

210 3957 233 4003 p.
248 3942 296 3989 219
357 3936 488 3984 htideiF
513 3934 605 3982 corrC
663 3937 677 3982 6
701 3932 865 3981 amintorisF
892 3948 946 3981 corr
965 3933 1051 3982 Comm
1110 3933 1305 3982 larmodiusIl
1331 3949 1389 3982 corr
1409 3938 1451 3985 Bu

211 4037 226 4082 8
244 4047 326 4080 amore
337 4029 431 4078 Tollius
445 4026 455 4095 ΙΙ
477 4030 509 4092 [in
523 4028 624 4075 Sicilia.
639 4064 643 4073 .
657 4061 663 4073 .
676 4026 762 4074 faciem
781 4027 883 4091 inspuit]
894 4030 952 4076 secl.
971 4029 1085 4076 Bursian.
1104 4028 1159 4074 IIB.
1177 4027 1260 4075 XCIII
1277 4042 1301 4088 p.
1316 4031 1366 4077 181
1388 4032 1450 4079 adm.

211 4123 648 4195 Η[1)1ὀ11111“1ι1]1111.Βι111111111.
697 4123 727 4168 15
746 4127 895 4168 reventum
908 4123 978 4169 malit
989 4123 1032 4170 Mu
1085 4123 1115 4169 16
1135 4121 1177 4184 [at]
1190 4123 1249 4169 secl.
1262 4121 1314 4182 Mu,
1333 4124 1451 4173 defendit

209 4224 338 4284 Wopkens
392 4224 422 4268 17
442 4217 531 4264 dimitti
547 4218 568 4262 Il
586 4218 651 4275 quod
677 4231 722 4276 pro
745 4216 882 4264 ‘dimissum
900 4216 937 4263 iri'
963 4217 1052 4278 accipit
1070 4217 1126 4274 Mu,
1154 4215 1283 4263 adimitur
1299 4226 1450 4279 corruptum

210 4332 264 4365 esse
282 4315 345 4363 vidit
357 4314 429 4362 seu:
448 4312 581 4359 Schillerus
599 4311 709 4358 codicem
726 4312 835 4371 sequitur
887 4313 918 4359 20
936 4311 1058 4373 Phalaris]
1077 4312 1125 4358 imo
1144 4317 1309 4372 tyrannus
1327 4314 1372 4360 vel
1390 4330 1450 4363 rex

212 4414 242 4460 22
262 4411 310 4472 cui]
329 4410 360 4457 11.
379 4407 493 4456 CGLIIII
511 4406 575 4453 luter
591 4420 672 4465 quam.
691 4406 769 4453 111111
820 4408 861 4480 251
872 4405 976 4454 liberato
989 4426 1022 4448 =
1035 4412 1149 4467 superato
