3082 4950
744 209 804 275 151

159 360 299 427 hnmana
327 362 458 427 comites
486 343 555 428 eius
582 367 802 445 vescerentur,
834 363 874 428 ob
902 363 1122 429 crudelitatem
1152 363 1275 429 incolae
1304 364 1388 431 circa

158 470 311 554 regionem
335 472 540 555 diffugerunt,
573 479 649 540 tunc
670 474 725 540 ille
747 476 822 558 quia
842 479 910 552 †ex
932 493 1040 539 eorum
1064 475 1246 541 decesserat
1268 475 1388 542 concha

158 587 291 665 pertusa
313 583 492 650 buccinavit
518 589 550 650 et
572 603 690 668 pagum
713 587 912 665 convocavit,
943 586 1118 667 testatique
1146 593 1222 651 sunt
1248 606 1283 652 se
1306 606 1387 652 mor·

157 697 248 759 tuum
271 694 455 777 sepulturae
477 696 562 775 dare,
584 714 643 760 neo
658 714 853 762 consumere.
876 698 959 762 unde
980 696 1059 761 tuba
1079 698 1263 778 tyrrhenum
1285 698 1386 763 melos

158 802 282 869 dicitur.
311 806 396 886 quod
422 807 599 888 exemplum
621 807 716 873 hodie
735 807 870 873 Enniani
892 811 1022 873 servant
1044 813 1168 873 etcum
1191 809 1306 891 aliquis
1332 810 1415 878 de5

158 915 256 980 cessit
277 916 433 983 tubicines
456 923 587 983 cantant
614 924 646 984 et
668 918 760 983 amici
782 924 995 984 convocantur
1016 921 1157 985 testandi
1186 919 1291 1002 gratia
1313 939 1385 984 eum

156 1044 260 1108 neque
284 1045 406 1109 ueneno
435 1047 537 1110 neque
563 1029 649 1095 ferro
672 1029 841 1096 interiisse.
884 1029 1011 1096 Hortini
1038 1035 1146 1096 autem
1176 1032 1312 1097 classica
1338 1031 1385 1096 in·

156 1142 320 1203 venerunt.
362 1138 431 1203 Afri
453 1144 486 1204 et
506 1140 657 1223 Aegyptii
678 1141 813 1222 primum
833 1141 972 1207 fustibus
995 1143 1239 1223 dimicaverunt,
1271 1148 1387 1224 postea

156 1246 253 1320 Belus
267 1248 408 1337 Neptuni
422 1249 507 1320 filius
525 1249 632 1337 gladio
649 1251 856 1336 belligeratus
873 1257 932 1335 est,
950 1254 1036 1320 unde
1052 1254 1170 1320 bellum
1187 1258 1239 1320 est
1257 1254 1384 1318 dietum.

353 1422 356 1426 ¹
402 1450 567 1520 CCLXXV
590 1451 717 1536 Oppida
739 1452 793 1534 qui
814 1471 896 1535 quae
918 1451 1130 1517 condiderunt

239 1589 349 1655 Iovis
366 1589 509 1656 inludia
526 1590 652 1655 Thebas
672 1588 861 1670 Thebaidos,
884 1589 1010 1654 nomme
1031 1588 1164 1654 nutricis
1187 1606 1278 1653 suae:
1301 1605 1383 1669 quae
1394 1589 1434 1653 10

153 1703 386 1784 hecatonpylae
409 1701 612 1783 appellantur
637 1700 709 1765 ideo
739 1703 824 1782 quod
853 1705 980 1766 centum
1007 1705 1118 1782 portas
1140 1699 1269 1764 hahent.
1313 1697 1383 1762 Mi-

154 1831 281 1879 nerva
312 1812 354 1893 [in
386 1811 548 1893 Chalcide]
577 1811 737 1892 Athenas,
770 1830 849 1893 quas
883 1831 921 1877 ex
952 1830 1010 1876 suo
1042 1811 1169 1876 nomine
1200 1809 1383 1892 appellavit.

154 1924 348 2006 Epaphus
375 1923 460 1988 Iovis
488 1922 572 1988 filius
594 1922 626 1986 in
650 1923 795 2005 Aegypto
818 1923 1006 2004 Memphim,
1038 1927 1161 1988 Arcas
1184 1921 1268 1986 Iovis
1297 1920 1404 1984 filius·

153 2036 185 2101 in
209 2035 345 2101 Arcadia
367 2035 577 2117 Ihapezunta.
627 2035 742 2117 Apollo
764 2036 850 2101 Iovis
876 2033 985 2100 filius*
1014 2035 1132 2099 Arnas:
1163 2032 1383 2098 Eleusinus

154 2145 302 2212 Mercurii
332 2144 416 2211 filius
448 2147 639 2212 Eleusinem.
695 2147 916 2212 Dardanus
947 2146 1032 2211 Iovis
1063 2144 1147 2210 filius
1178 2144 1381 2221 Dardaniam.
1391 2144 1432 2210 15

154 2262 282 2340 Argus
305 2257 460 2338 Agenoris
488 2256 572 2322 filius
594 2259 708 2340 Argos.
751 2257 936 2341 [Cadmus
960 2258 1116 2337 Agenoris
1147 2256 1232 2322 filius
1254 2255 1381 2319 Thebas

151 2369 352 2452 heptapylos,
369 2384 450 2450 quae
469 2373 593 2449 septem
609 2373 720 2450 portas
737 2368 888 2434 habuisse
905 2368 1073 2446 dicuntum]
1105 2367 1280 2432 Perseus
1296 2365 1382 2430 Iovis

151 2481 236 2545 filius
253 2479 414 2544 Perseida.
458 2478 607 2545 Castor
623 2488 662 2543 et
676 2479 822 2544 Pollux
839 2481 924 2545 Iovis
938 2478 996 2543 filii
1012 2479 1208 2544 Dioscorida.
1244 2477 1381 2543 Medus

152 2592 250 2672 Aegei
267 2595 300 2654 et
315 2590 447 2655 Medeae
465 2589 549 2654 filius
567 2590 600 2655 in
615 2590 788 2656 Ecbatanis
806 2589 955 2655 Mediam.
999 2589 1178 2656 Camirus
1195 2589 1278 2654 Solis
1296 2587 1381 2654 filius

151 2702 318 2769 Gamiram.
356 2701 487 2782 [Liber
502 2702 535 2766 in
552 2701 644 2766 India
660 2701 891 2781 Hammoneml.
930 2701 1089 2783 Ephyre
1105 2701 1246 2782 nympha
1261 2699 1381 2766 Oceani
1389 2697 1432 2761 20

151 2889 165 2934 2
184 2884 228 2932 ubi
246 2884 288 2944 qui
305 2884 390 2950 (quum
404 2883 459 2943 quis
470 2881 529 2945 Soh)
546 2898 576 2930 ex
594 2898 677 2931 eorum
696 2898 796 2931 numero
813 2882 892 2930 Barth
905 2882 967 2931 stat.
985 2887 1003 2929 t.
1016 2883 1053 2930 III
1070 2898 1093 2943 p.
1106 2884 1169 2943 5053
1188 2882 1248 2930 vitio
1268 2882 1380 2930 laborare

150 2995 200 3028 nou
218 2980 316 3026 videtur
333 2979 380 3025 nisi
398 2973 423 3024 id
442 2979 508 3038 qnod
526 2983 563 3025 est
585 2992 614 3024 eor
636 2993 649 3024 e
674 2975 767 3044 lrermlec
783 2979 825 3025 vel
849 2977 924 3025 simili
946 2979 1054 3038 quodam
1071 2978 1194 3025 vocabulo
1218 2978 1381 3037 depravatum

151 3077 165 3120 5
185 3073 297 3120 chomani
314 3073 335 3118 F
354 3087 392 3120 em
409 3071 495 3119 Oomm
517 3068 528 3137 ΙΙ
548 3072 614 3130 quod
628 3072 758 3132 exemplum
778 3108 784 3119 .
802 3107 808 3118 .
827 3107 833 3118 .
850 3072 989 3120 invenenant
1006 3074 1058 3120 secl
1069 3072 1118 3119 Sch
1172 3074 1185 3118 7
1205 3072 1341 3119 cornicines
1359 3070 1381 3117 E

150 3167 250 3215 Homeri
266 3166 287 3214 0
303 3165 437 3215 Schneider
458 3167 514 3213 coll.
533 3167 601 3215 Serv.
620 3167 684 3213 Aen.
701 3167 749 3214 VII
768 3169 816 3214 116
837 3163 848 3233 ΙΙ
869 3168 967 3216 classici
984 3169 1005 3214 E
1031 3167 1135 3214 chinsica
1156 3166 1222 3214 idem
1281 3167 1296 3212 8
1314 3165 1379 3212 Plin.

150 3264 174 3310 h.
186 3278 202 3310 n
215 3262 307 3310 vnce
351 3265 365 3310 9
383 3260 446 3307 unde
462 3259 546 3308 bellom
563 3267 598 3307 ort
615 3260 704 3309 dictam
716 3262 773 3308 secl.
792 3262 869 3309 Barth
882 3261 943 3309 Stat.
961 3263 1016 3309 t.11
1033 3277 1056 3321 p.
1072 3262 1120 3310 889
1141 3266 1235 3321 ‘postea
1246 3261 1322 3306 Belus
1334 3259 1380 3306 fer-

149 3371 219 3404 reum
235 3355 344 3416 gladium
362 3355 456 3415 primus
473 3355 589 3415 produxit
606 3369 621 3402 a
639 3369 687 3414 quo
705 3359 729 3402 et
746 3354 839 3402 bellum
856 3357 949 3416 placuit
966 3355 1095 3403 nomiuari'
1114 3354 1225 3402 Cassiod.
1244 3355 1379 3402 Var.1.30

201 3478 204 3484 «
219 3451 251 3498 10
267 3448 384 3510 inludia]
404 3448 512 3496 defendit
527 3448 634 3498 Turneb.
652 3451 749 3497 advers.
761 3449 821 3496 XXI
839 3452 853 3497 9
872 3451 903 3497 cl.
922 3451 973 3497 lab.
987 3449 1119 3498 CXXXIII
1136 3463 1210 3497 anon.
1228 3450 1306 3496 deser.
1326 3449 1378 3496 orb.

149 3560 172 3605 p.
188 3545 219 3591 18
238 3545 268 3591 ed
286 3542 386 3590 Godofr.
408 3540 418 3609 ΙΙ
438 3542 567 3609 thobaldus
585 3544 606 3590 I·
624 3558 679 3591 corr
696 3543 825 3591 Turnebus
878 3547 909 3592 12
928 3544 1040 3593 chalcide
1056 3544 1077 3591 E
1095 3541 1196 3590 Atthide
1209 3542 1331 3590 Meursius
1349 3543 1380 3591 de

149 3640 203 3687 Iort
222 3640 273 3686 Art.
290 3638 316 3684 im
332 3644 399 3684 uram
416 3635 501 3684 Aaron
518 3638 580 3685 coni.
597 3639 636 3684 Bu
656 3634 666 3702 ss
686 3639 716 3684 ol.
737 3636 854 3684 chun
908 3640 938 3686 14
948 3638 1019 3699 filiae
1039 3636 1071 3701 lim
1083 3636 1225 3702 Chalcidice}
1243 3633 1328 3684 Armua
1341 3637 1379 3683 Bu

149 3733 388 3793 coltThucyd.1v
409 3735 471 3791 103,
495 3731 561 3778 idem
586 3731 650 3780 coni·
668 3729 693 3780 Σ
716 3731 765 3780 nisi
788 3733 854 3791 quod
876 3737 1004 3793 praetcrea
1021 3729 1189 3794 “Apollinis
1206 3731 1276 3792 filice
1294 3733 1380 3779 mallet

151 3831 182 3876 16
199 3842 272 3889 argos
289 3823 371 3886 qnae*
391 3826 410 3871 E
427 3824 509 3884 Arpos
526 3825 604 3888 [qaae]
625 3824 673 3873 Soh
721 3827 751 3873 17
770 3826 891 3874 dloiturE
908 3843 963 3876 corr
974 3827 1026 3887 Mu,
1044 3827 1092 3873 nisi
1107 3825 1210 3874 Ehodum
1226 3826 1380 3886 heptapylum

148 3922 221 3970 mulis
274 3919 422 3981 lupoaldo
439 3920 497 3980 Mu,
514 3920 622 3967 Mideam
641 3919 798 3967 diuiserat.
818 3922 878 3981 Bya.
897 3923 955 3979 451,
974 3924 1006 3969 14
1026 3920 1035 3985 ll
1055 3921 1194 3969 dioscorida
1210 3921 1231 3966 F
1250 3920 1381 3967 daemomo-

149 4015 231 4078 do(m)
243 4015 286 4062 Mu
304 4015 359 4061 coll.
372 4014 495 4061 Ammian.
513 4014 589 4061 Maro.
609 4014 682 4060 XXII
699 4028 722 4074 p.
738 4016 784 4063 2³1
805 4015 927 4062 Lindeub.
945 4009 1104 4078 Διοσκούρων
1120 4011 1197 4078 κώμη
1216 4013 1301 4074 Steph.
1319 4015 1379 4075 Byz.

149 4112 207 4168 233,
226 4113 259 4158 20
276 4103 377 4174 Λιβύης
395 4103 420 4158 ἐν
445 4095 465 4174 ᾗ
488 4102 531 4158 τὸν
550 4100 633 4170 Πάριν
658 4101 835 4167 ἐπιδιώξαντες
855 4100 974 4170 ἥρπασαν
998 4103 1044 4173 τήν
1061 4102 1167 4171 Ἑλένην
1192 4106 1215 4158 oi
1232 4104 1381 4171 Διόσκουροι

150 4193 183 4267 ἣν
202 4193 308 4268 ᾤκησαν
332 4201 389 4266 (sic)
450 4204 481 4248 19
501 4202 636 4250 MedamE
661 4201 766 4248 Medeam
792 4202 848 4249 Soh.
872 4204 929 4250 coll.
947 4203 1034 4251 isidor.
1054 4201 1122 4262 OrIg.
1142 4202 1219 4248 XV1
1248 4202 1313 4249 idam
1338 4203 1379 4250 vel

149 4297 259 4344 Medeam
285 4298 341 4344 coll.
363 4296 450 4344 Iustin.
468 4296 572 4345 XLH3
597 4296 716 4343 Muncker
737 4294 748 4361 ΙΙ
776 4298 879 4345 nilusE
903 4298 1008 4345 camiros
1026 4297 1075 4346 Sch
1133 4300 1165 4345 20
1189 4297 1379 4344 carmentumh'

151 4388 271 4438 Geminam
289 4390 336 4438 Sch
358 4387 369 4457 fl
389 4389 483 4438 Liber.
503 4390 706 4439 ..Hammonem
731 4395 756 4439 et
780 4406 854 4452 supra
872 4389 975 4439 Cadmca
993 4427 1000 4439 .
1018 4426 1024 4438 .
1043 4427 1049 4438 .
1069 4390 1181 4438 amamur
1204 4392 1256 4439 secl
1273 4388 1298 4440 Σ
1323 4405 1379 4439 oum
