3082 4950
703 243 855 311 XXXVII
873 188 877 195 Ι

246 397 376 480 Copiam
398 416 503 467 rerum
524 398 715 464 insecundo
736 398 818 464 libro
841 399 915 465 olim
932 404 1134 466 narratarum
1156 417 1220 467 non
1236 398 1389 466 minorem
1522 404 1524 413 ’

160 527 214 589 ea,
245 528 339 591 quam
361 509 455 576 modo
485 528 503 574 e
531 509 627 575 tertio
655 509 736 576 libro
763 511 944 593 recuperari
974 531 1071 594 posse
1094 509 1391 591 demonstravimus,

159 620 266 702 capita
282 621 378 687 etlam
395 621 559 687 continent
575 620 706 687 CLV-
716 622 845 688 CLXIII
867 623 908 688 ad
926 623 1020 705 primi
1036 623 1108 689 libri
1125 623 1244 688 exitum
1263 621 1390 687 anobis

158 737 307 814 retracta,
330 732 532 815 animumque
553 733 680 798 lectoris
703 734 745 798 ad
767 733 962 816 argutiorem
983 734 1152 800 voluminis
1174 739 1298 817 partem
1319 739 1390 799 tan-

158 861 252 925 quam
274 844 509 926 praeparantia.
539 863 601 926 quo
623 844 727 931 magis
749 845 922 911 dolendum
951 847 1011 911 hoc
1037 846 1143 928 ipsum
1165 841 1336 912 frustulum
1357 848 1390 911 et

157 955 302 1020 mutilum
324 973 397 1021 esse
425 960 458 1022 et
488 955 628 1021 cuiusvis
658 957 784 1038 generis
813 956 899 1022 vitiis
929 963 1062 1024 scatere.
1093 976 1111 1022 e
1139 957 1224 1023 Iouis
1252 956 1326 1022 filiis
1356 956 1388 1020 in

157 1065 238 1133 libro
254 1068 286 1132 II
302 1073 588 1141 commemorantur
603 1067 768 1149 Hercules,
789 1067 886 1134 Liber
902 1088 940 1134 ex
958 1069 1082 1135 Semele
1098 1073 1204 1149 natus,
1227 1068 1387 1149 Castores,

157 1181 278 1260 Argus,
306 1179 478 1261 Epaphus,
506 1179 661 1259 Perseus,
681 1180 800 1245 Zethus
823 1185 856 1246 et
876 1180 1049 1263 Amphion,
1079 1179 1249 1260 Tantalon,
1277 1183 1388 1260 Arcas,

155 1289 329 1370 Pirithous,
360 1291 524 1371 (Aeacus);
555 1290 747 1372 reliquorum
765 1291 844 1357 VIII
866 1309 937 1357 cum
964 1292 1053 1358 nulla
1072 1291 1130 1357 fiat
1150 1291 1284 1372 mentio,
1315 1296 1386 1356 octo

155 1400 290 1482 periisse
317 1401 424 1483 capita
451 1401 653 1468 manifestum
683 1405 742 1468 est.
784 1404 832 1467 Ao
854 1403 1126 1470 Lacedaemonem
1155 1404 1283 1486 quidem
1304 1404 1386 1486 Tay·

154 1517 248 1595 getae
269 1512 369 1578 filium
386 1514 514 1578 Danaes
536 1531 630 1579 avum
647 1520 722 1579 ante
744 1532 770 1579 c.
785 1514 892 1580 LXIII
913 1519 1191 1581 commemoratum
1211 1515 1312 1581 finisse
1334 1533 1386 1580 su-

155 1624 272 1706 spicari
292 1624 379 1706 licet,
408 1624 532 1690 Helena
553 1625 694 1707 Pyrrhae
714 1625 894 1707 Epimethei
914 1624 1000 1691 filiae
1021 1627 1143 1710 prolem
1164 1626 1197 1691 in
1217 1644 1242 1692 c.
1261 1626 1385 1707 CXLII,

154 1735 316 1802 Aethlium
338 1754 378 1801 ex
398 1736 590 1818 Protogenia
611 1736 814 1803 Deucalionis
835 1736 903 1801 filia
924 1743 1124 1818 procreatum
1147 1755 1171 1803 c.
1189 1738 1304 1818 CLIII,
1325 1737 1385 1802 Mi·

153 1866 248 1913 noem
259 1847 476 1930 Sarpedonem
489 1850 522 1913 et
530 1847 809 1913 Rhadamanthum
821 1867 859 1914 ex
870 1849 1000 1931 Europa
1011 1849 1136 1932 genitos
1149 1867 1174 1914 c.
1185 1849 1385 1930 CLXXVIII,

153 1959 338 2024 Dardanum
369 1959 506 2041 deniqne
533 1959 732 2026 Erichthonii
761 1964 885 2042 patrem
914 1979 1017 2043 prope
1043 1962 1192 2026 Iasonem
1220 1961 1271 2025 vel
1301 1962 1386 2028 inter

152 2069 279 2136 fabulas
301 2069 419 2136 troicas
448 2061 678 2149 (chXXXIX.
701 2070 770 2137 coll.
792 2071 972 2151 CCLXXV)
1002 2073 1146 2155 adquae
1168 2073 1384 2155 Ganymedem
1450 2088 1452 2100 ·

152 2181 249 2248 etiarn
268 2181 467 2247 Erichthonii
487 2179 586 2247 fflium
604 2182 787 2262 (CCLXXI)
809 2183 984 2248 retulimus.
1027 2184 1199 2250 Praeterea
1214 2184 1329 2250 Libero
1346 2204 1385 2250 ex

155 2292 351 2376 Proserpina
372 2311 464 2375 quem
486 2294 618 2358 Titanes
641 2298 830 2376 carpserunt
851 2294 1009 2376 (Fulgent.
1026 2295 1058 2360 lI
1080 2295 1133 2375 15)
1163 2295 1320 2378 Aegipaui
1347 2315 1385 2360 ex

153 2405 274 2487 Capra,
304 2406 337 2470 et
364 2405 470 2470 Aeaco
499 2423 538 2470 ex
565 2405 689 2488 Aegina
709 2405 810 2487 Asopi
838 2403 905 2471 filia
930 2407 1016 2471 natis
1045 2425 1122 2472 suus
1152 2407 1265 2489 culque
1293 2408 1382 2473 locus

153 2514 368 2597 assignandus
389 2521 446 2582 est.
477 2515 624 2598 equidem
645 2516 794 2582 Liberum
817 2521 850 2580 et
872 2517 1052 2598 Aegipana,
1074 2517 1164 2582 cuius
1186 2517 1219 2582 in
1241 2518 1384 2600 Typhoei

150 2626 261 2710 fabula
292 2631 404 2709 partes
435 2631 527 2707 sunt,
561 2627 603 2692 ad
635 2627 764 2692 titulum
796 2628 989 2694 OXXXVIH
1014 2646 1082 2710 sqq.
1114 2629 1293 2710 retulerim,
1328 2629 1382 2712 qni

151 2757 178 2804 c
197 2738 341 2805 CLXVII
369 2743 529 2804 auctorem
552 2737 677 2803 videam
704 2738 745 2803 de
769 2738 884 2804 Libero
913 2758 933 2805 a
955 2739 1122 2806 litonibus
1147 2741 1308 2824 discerpto
1337 2741 1384 2807 sic

150 2851 252 2934 loqui,
283 2856 321 2914 nt
350 2853 390 2917 de
419 2854 560 2916 renota
588 2849 694 2915 dicere
724 2848 872 2916 solemus.
915 2851 1099 2917 Efiliorum
1122 2853 1263 2937 Neptuni
1290 2857 1382 2919 coetu

151 2967 227 3029 ante
249 2963 355 3029 omnia
376 2962 541 3029 discedere
562 2961 707 3027 iubemus
729 2961 886 3029 Euadnen
907 2968 945 3027 ut
958 2961 1064 3028 filiam.
1106 2963 1179 3029 Filii
1199 2964 1231 3029 in
1254 2964 1335 3030 libro
1351 2965 1383 3030 II
1510 3059 1513 3064 Ι

130 3074 318 3140 memorati
341 3079 430 3139 sunt:
460 3075 601 3140 Boeotus
625 3077 657 3138 et
678 3073 814 3154 Aeolus,
836 3073 1102 3158 Bellerophon*),
1123 3075 1277 3158 Hyrieus,
1299 3076 1383 3158 Epo-

150 3204 248 3268 peus,
270 3185 446 3268 Eumolpus
469 3184 636 3268 Aquilonis
658 3203 774 3267 nepos,
800 3185 1050 3268 Periclymenus,
1071 3187 1190 3252 Neleus
1213 3192 1247 3251 et
1268 3187 1384 3268 Pelias,

152 3295 259 3379 Lycus
282 3315 300 3361 e
319 3296 456 3363 Celaeno
478 3302 583 3378 natus,
607 3300 753 3362 Ancaeus
775 3296 932 3362 Althaeae
953 3296 1048 3378 filius,
1068 3297 1235 3380 Nauplius,
1257 3298 1384 3380 Euphe-

151 3426 232 3490 mus,
254 3410 403 3491 Amycus,
424 3408 557 3474 Busiris.
599 3409 717 3473 Eorum
739 3408 794 3489 qui
807 3413 937 3489 praeter
957 3409 1018 3475 hos
1032 3412 1240 3475 recensentur
1254 3411 1383 3492 Agenor

152 3525 184 3585 et
198 3519 296 3585 Belus
319 3519 436 3601 Libyes
457 3519 514 3585 filii
537 3538 563 3586 c.
581 3519 880 3586 CXLIX—CLXV
902 3520 1008 3586 afferri
1029 3525 1194 3603 poterant,
1215 3519 1383 3588 Macareus

152 3648 177 3696 c.
199 3630 373 3697 CXCVIII:
404 3630 448 3696 ln¹
465 3631 574 3698 troicis
604 3630 721 3697 fabulis
753 3631 890 3697 occurrit
918 3631 1043 3715 Cycnus
1072 3631 1197 3714 Calycis
1226 3631 1311 3699 filius
1341 3634 1381 3700 ab

151 3741 274 3809 Achille
300 3742 488 3809 interfectus
518 3742 626 3826 (Ovid.
648 3742 725 3808 Met
746 3743 808 3808 XII
830 3745 902 3826 72),
930 3744 963 3808 in
985 3743 1175 3809 Heracleide
1200 3744 1381 3828 Eurypylus

152 3858 185 3918 et
206 3854 354 3920 Ancaeus
383 3873 476 3936 quem
503 3871 523 3920 a
551 3853 647 3920 Troia
674 3854 803 3920 rediens
832 3853 988 3921 Hercules
1018 3854 1052 3920 in
1078 3854 1185 3921 insula
1211 3855 1256 3922 Co
1283 3856 1382 3923 iuter-

150 4055 236 4103 medes
253 4054 409 4102 Erichthonii
434 4054 499 4103 filius
524 4069 596 4115 quem
616 4053 688 4109 Iovia¹
708 4025 802 4101 amarit
826 4057 876 4104 274
894 4053 1065 4103 Pelethronius
1087 4054 1170 4103 frenos
1194 4055 1264 4115 equis
1287 4055 1381 4116 primus

150 4147 256 4209 invenit,
273 4149 368 4197 Belone
385 4163 457 4196 acum
474 4148 571 4210 reperit.
607 4149 748 4210 Tyrrhenus
758 4149 873 4196 Herculia
891 4150 907 4195 l.
926 4149 1012 4196 tubam
1025 4150 1074 4197 ato
1092 4147 1205 4196 Camirua
1222 4148 1287 4198 Solis
1304 4150 1321 4197 f.
1335 4149 1382 4198 Ca·

150 4243 239 4289 mitum
257 4242 380 4302 condidit,
399 4242 477 4291 Sardo
495 4241 605 4290 Stheneli
622 4242 672 4290 fllia
690 4241 783 4290 Sardis.
884 4251 888 4255 '

218 4334 244 4402 ⁵)
262 4338 292 4383 In
310 4352 330 4384 c.
342 4337 412 4386 LVII
430 4335 603 4397 ‘Bellerophon
620 4336 729 4396 Neptuni
746 4340 771 4384 et
788 4337 940 4399 Eurymedes
957 4337 1019 4399 Nysi
1036 4337 1102 4385 filiae
1118 4335 1191 4385 filius’
1216 4339 1380 4399 supplendum

151 4430 256 4478 videtur.
