3082 4950
745 237 852 301 99.

150 344 311 473 patefecit!
325 396 358 456 et
379 389 448 456 eius
469 389 601 455 consilio
616 388 913 472 Polym[n]estorem
934 388 1106 455 luminibus
1128 387 1266 471 privavit
1287 393 1384 470 atquc

151 500 319 569 interfecit.

606 791 608 795 ι
649 698 705 764 ΟΧ
726 697 888 780 Polyxena

237 833 341 900 Danai
362 833 499 899 victores
522 851 592 897 oum
621 835 661 900 ab
691 835 750 900 Ilio
773 834 909 900 classem
932 835 1183 899 conscenderent
1211 839 1245 898 et
1265 831 1385 897 vellent

152 945 185 1010 in
207 944 345 1027 patriam
367 963 458 1009 suam
481 944 615 1026 quisque
638 947 756 1011 reverti
779 953 811 1010 et
832 945 985 1027 praedam
1007 945 1141 1026 quisque
1162 944 1224 1009 sibi
1244 944 1385 1022 duceret,
1451 1012 1459 1036 ⁵

153 1077 191 1123 ex
214 1056 359 1140 sepulcro
381 1075 442 1121 vox
465 1056 596 1122 Achillis
620 1057 736 1122 dicitur
757 1057 898 1138 praedae
921 1062 1045 1138 partem
1068 1054 1298 1137 expostulasse.
1324 1053 1414 1119 ita-5

153 1188 214 1251 que
237 1168 341 1234 Danai
363 1168 556 1251 Polyxenam
577 1169 695 1234 Priami
717 1167 831 1249 liliam,
852 1186 934 1249 quae
952 1168 1041 1249 virgo
1063 1166 1123 1232 luit
1144 1166 1385 1246 formosissima,

153 1284 286 1363 propter
306 1298 401 1362 quam
417 1279 566 1362 Achillea,
588 1298 658 1346 cum
682 1298 752 1346 eam
773 1285 899 1362 pateret
919 1284 951 1345 et
973 1279 1015 1344 ad
1030 1279 1220 1360 colloquium
1235 1278 1386 1359 venisset,

154 1391 195 1458 ab
213 1392 394 1457 Alexandro
417 1396 450 1457 et
465 1390 630 1472 Deiphobo
653 1395 704 1456 est
725 1391 857 1472 occisus,
880 1391 922 1456 ad
943 1391 1122 1473 seprdcrum
1145 1389 1213 1456 eius
1237 1409 1306 1455 eam
1329 1390 1386 1455 im·

155 1502 364 1569 molavarunt.

659 1699 729 1764 cxl
750 1697 884 1765 Hecuba

240 1837 375 1919 Ulysses
396 1835 560 1901 Hecubam
583 1835 686 1901 Cissei
714 1834 827 1915 filiam,
856 1834 907 1901 vel
935 1840 971 1900 ut
1000 1834 1055 1899 alii
1085 1834 1249 1921 aulcltores
1279 1837 1388 1903 dicunt
1400 1833 1439 1896 10

154 1947 333 2031 Dymantis,
355 1946 472 2011 Priami
488 1965 627 2027 uxorem,
648 1947 798 2012 Hectoris
817 1952 951 2011 matrem
974 1946 1007 2011 iu
1030 1946 1215 2012 servitutem
1239 1964 1308 2012 cum
1332 1948 1388 2013 du·

155 2065 258 2139 cerat,
286 2058 342 2124 illa
363 2058 396 2122 in
418 2056 663 2139 Hellespontum
686 2077 774 2124 mare
804 2077 840 2124 sc
860 2057 1085 2140 praecipitauit
1108 2057 1250 2124 atcania
1274 2058 1389 2125 dicitur

154 2169 241 2236 facta
264 2187 350 2250 esse,
373 2171 458 2235 unde
481 2174 514 2235 ct
536 2187 668 2251 cyneum
690 2175 740 2235 est
762 2169 967 2253 appellatum.

295 2365 382 2432 CXII
404 2366 619 2433 Provocantcs
641 2366 724 2431 iuter
745 2384 781 2431 sc
802 2365 856 2447 qui
878 2383 948 2430 oum
971 2382 1033 2446 quo
1056 2364 1247 2430 dimicarunt

157 2502 322 2569 Menelaus
344 2520 415 2568 cum
438 2501 635 2567 Alexandro:
657 2502 872 2568 Alexandrum
895 2501 1003 2567 Venus
1026 2500 1143 2582 eripuit

158 2614 329 2680 Diomedes
352 2631 422 2678 cum
445 2615 566 2678 Aenea:
590 2617 730 2678 Aeneam
753 2613 892 2678 servavit
912 2612 1021 2678 Venus
1399 2606 1440 2671 lb

157 2726 243 2792 idem
265 2743 335 2790 cum
358 2723 496 2790 Glauco:
518 2724 552 2789 in
573 2724 713 2805 hospitio
736 2723 862 2806 cognito
884 2722 1102 2789 discesserunt

158 2837 243 2904 idem
266 2835 506 2912 cumPandaro
527 2839 574 2916 [et
595 2835 718 2902 Glauco
739 2835 827 2916 aliol:
849 2835 1016 2901 Pandarus
1039 2837 1085 2914 [ct
1106 2833 1257 2916 Glaucus]
1280 2834 1391 2912 †occi·

246 2948 372 3014 duntur.
893 3027 896 3034 ἢ

161 3060 242 3126 Aiax
264 3077 334 3125 cum
356 3059 514 3142 Hectores
541 3057 750 3124 donificantcs
773 3057 961 3123 discessere.
1003 3056 1085 3122 Aiax
1106 3057 1237 3123 Hectori
1262 3058 1393 3123 donavit

244 3171 386 3237 balteum
409 3171 493 3236 uude
519 3174 571 3236 est
597 3173 734 3251 tractus,
764 3168 885 3235 Hector
901 3168 992 3234 Aiaci
1015 3167 1157 3250 gladium
1179 3168 1264 3234 unde
1287 3187 1322 3235 se
1344 3165 1443 3234 iu-20

246 3281 373 3348 tericcit

161 3393 329 3461 Patroclus
352 3410 422 3458 cum
445 3391 645 3474 Sarpedone:
669 3390 837 3472 Sarpedon
859 3389 1015 3457 occiditur

162 3505 328 3572 Menelaus
352 3522 423 3570 cum
440 3502 626 3586 Euphorbo:
656 3501 848 3584 Euphorbus
871 3502 1039 3581 occiditur;
1066 3500 1121 3583 qui
1141 3505 1256 3582 postea
1277 3500 1395 3584 Pytha·

248 3634 344 3700 goras
367 3621 417 3681 est
438 3615 541 3681 lactus
560 3620 592 3680 et
606 3613 750 3680 meminit
766 3632 856 3680 suam
873 3613 1011 3679 animam
1028 3612 1060 3677 in
1080 3629 1215 3695 corpora
1229 3613 1395 3680 transisse.

163 3728 305 3795 Achilles
328 3746 398 3793 cum
421 3730 636 3808 Asteropaco:
659 3728 876 3808 Asteropaeus
900 3723 1054 3790 occiditur
1404 3722 1446 3786 25

168 3949 179 3993 1
199 3948 223 3992 at
240 3943 301 4007 eiua]
319 3943 386 3990 caius
405 3943 460 3990 coni
479 3940 503 3991 Σ
524 3938 534 4009 l
557 3948 727 4003 argumentum
744 3941 851 3990 creditur
866 3940 998 3989 llionae
1015 3940 1114 3989 fabulae
1131 3939 1278 4002 euripideum.

232 4041 248 4086 b
265 4038 396 4099 sepulchro
409 4037 429 4084 1¹¹
441 4051 496 4084 corr
508 4036 594 4085 Comm
641 4040 656 4085 8
668 4036 857 4098 sepulchruml'
870 4031 880 4102 ss
893 4037 923 4084 cf.
937 4035 1020 4084 Tasta.
1032 4035 1153 4094 poatbom.
1166 4036 1215 4086 395
1228 4032 1239 4104 ss
1250 4043 1277 4084 at
1288 4051 1354 4084 ream
1367 4034 1393 4086 Σ

236 4135 266 4180 11
286 4130 435 4179 dimautisb'
453 4104 508 4179 corr
520 4128 625 4180 MuSch
679 4126 1397 4198 12.13[marc]...cyaeamlmarelldufliafflelles-
1490 4168 1493 4173 .

166 4225 278 4287 pontum]
304 4240 372 4272 mare
396 4239 423 4273 ae
445 4225 629 4285 praecipitavit,
658 4226 722 4272 unde
746 4240 864 4286 cyuaeum
882 4223 938 4290 (sic)
962 4239 1029 4271 mara
1053 4228 1091 4271 cat
1108 4224 1213 4285 dictum,
1238 4227 1354 4286 quoniam
1371 4226 1398 4273 in

167 4335 253 4368 canem
271 4320 351 4366 fuerat
368 4333 488 4367 conversa
505 4319 556 4366 fab.
575 4318 702 4366 coxam
720 4315 730 4385 ΙΙ
750 4333 889 4377 cynossema
906 4318 962 4364 Mic.
981 4317 996 4363 i.
1016 4332 1048 4364 m.

237 4413 306 4461 CXII
328 4420 486 4474 provocaram
509 4413 596 4472 index,
622 4412 683 4460 nihil
708 4413 814 4474 amplius
876 4416 907 4461 25
932 4417 1060 4473 astoropeo
1080 4415 1261 4472 astoropeusP
1283 4428 1338 4461 corr
1356 4413 1398 4461 Mu

1152 4509 1195 4573 7*
