3082 4950
679 224 741 290 107

95 395 166 442 cum
188 377 313 442 oculum
329 377 398 442 eins
413 382 527 442 trunco
542 377 668 444 ardenti
684 382 839 457 exureret,
860 375 915 441 ille
933 376 1070 441 clamore
1087 392 1146 440 suo
1159 375 1328 454 c[a]etcros

95 488 250 570 Cyclopas
274 489 461 555 convocavit
489 488 599 571 eisque
622 489 775 570 spelunca
796 487 965 570 praeclusa
995 485 1074 551 dixit
1100 484 1182 550 ‘Utis
1204 503 1254 549 me
1277 503 1329 549 ex-

95 599 222 665 555551.
254 599 302 665 illi
322 601 490 666 credentes
514 618 585 665 eum
608 589 774 666 deridendi
796 599 901 682 gratia
923 599 1027 663 dicere
1047 597 1264 678 neglexerunt.
1295 598 1329 660 at

94 709 231 792 Ulysses
253 713 357 777 socios
380 730 456 777 suos
479 710 521 777 ad
543 728 661 792 pecora
683 710 827 793 alligavit
849 710 973 792 etipse
995 727 1031 774 se
1054 709 1095 772 ad
1117 706 1265 786 arietem,
1296 709 1329 770 et

93 821 141 886 ita
162 821 314 889 exierunt
358 824 409 887 Ad
431 823 564 888 Aeolum
588 822 762 900 †Hellenis
784 821 899 902 filium,
931 820 980 886 cui
1003 820 1042 885 ab
1065 819 1141 884 love
1163 811 1359 883 ventorum5

94 938 242 1014 potestas
270 933 332 998 fuit
353 933 484 1000 tradita
513 933 542 999 is
564 933 713 1016 Ulyssem
743 933 883 1015 hospitio
910 931 1010 997 libere
1031 931 1156 1012 accepit
1175 929 1330 1011 tollesque

95 1048 264 1109 ventorum
287 1045 316 1110 ei
337 1044 451 1126 plenos
473 1045 597 1110 muneri
618 1045 723 1111 dedit:
756 1044 834 1110 socii
862 1062 937 1109 vero
967 1061 1078 1107 aurum
1101 1046 1331 1124 argentumque

95 1155 263 1221 eredentes
292 1175 364 1221 eum
387 1156 551 1239 accepisse
573 1157 656 1222 inter
683 1175 719 1222 se
746 1175 817 1221 cum
843 1155 956 1237 partiri
984 1152 1103 1219 vellent
1128 1152 1222 1219 folles
1249 1153 1330 1218 clam

95 1266 261 1333 solverunt
285 1268 436 1349 ventique
464 1268 677 1333 evolaverunt.
721 1269 860 1333 Rursum
888 1267 930 1332 ad
952 1265 1085 1331 Aeolum
1114 1268 1165 1331 est
1193 1263 1330 1344 delatus,

95 1396 115 1443 a
137 1396 200 1460 qno
223 1378 343 1444 eiectus
360 1383 419 1457 est,
442 1379 527 1460 quod
542 1379 712 1444 videbatur
726 1378 886 1462 [Ulysses]
901 1396 1017 1443 numen
1033 1377 1164 1442 deorum
1179 1375 1330 1442 infestum
1340 1369 1381 1433 10

94 1488 222 1555 habere.
264 1491 316 1555 Ad
330 1491 579 1572 Laestrygonum,
602 1508 735 1572 quorum
750 1509 807 1555 rex
820 1488 882 1555 fuit
895 1486 1137 1571 Antiphates**
1157 1487 1330 1569 devoravit,

94 1618 259 1682 navesque
281 1601 349 1666 eius
373 1600 540 1682 [undecim]
565 1600 734 1682 confregit,
764 1606 897 1683 excepta
920 1601 997 1683 lunal
1021 1618 1117 1680 nave,
1146 1618 1210 1681 qua
1234 1599 1330 1664 sociis

95 1711 164 1777 eius
194 1712 392 1794 consumptis
424 1712 535 1778 evasit.
588 1713 624 1777 In
657 1712 795 1777 insulam
826 1710 996 1777 Aenariam
1029 1711 1070 1776 ad
1102 1710 1213 1776 Circen
1246 1709 1329 1776 Solis

94 1821 203 1903 filiam,
224 1841 306 1905 quae
320 1824 451 1905 potione
473 1825 550 1890 data
565 1823 711 1889 homines
733 1824 765 1888 in
787 1822 874 1889 ieras
896 1821 1018 1888 bestias
1041 1823 1264 1888 commutabat.
1287 1822 1330 1887 ad

95 1953 190 2016 quam
219 1933 432 2016 Eurylochum
462 1953 533 2000 cum
560 1935 674 2017 viginti
704 1934 828 2001 duobus
858 1934 953 2000 sociis
981 1933 1068 2001 misit
1096 1951 1175 2016 quos
1204 1933 1261 1999 illa
1289 1929 1381 1998 5515

94 2046 235 2109 humana
260 2045 367 2127 specie
388 2045 577 2111 immutavit.
621 2046 830 2128 Eurylochus,
852 2045 969 2111 timens
992 2046 1123 2127 quinon
1145 2045 1331 2126 intraverat,

94 2156 170 2222 inde
191 2155 273 2238 fugit
295 2161 328 2221 et
349 2156 457 2238 Ulyssi
481 2157 655 2238 nuntiavit3
687 2156 740 2239 qui
764 2158 852 2222 solus
880 2157 922 2222 ad
945 2175 1015 2222 eam
1038 2174 1074 2222 sc
1097 2154 1244 2222 contulit:
1273 2156 1331 2222 sed

95 2266 129 2331 in
158 2265 274 2332 itinere
301 2268 479 2333 Mercurius
508 2268 538 2332 ei
566 2269 742 2333 remedium
772 2268 862 2333 dedit
891 2268 1144 2349 monstravitque
1173 2269 1331 2349 quomodo

95 2377 207 2443 Circen
231 2377 401 2459 deciperet.
430 2379 485 2461 qui
501 2384 672 2460 postquam
694 2378 737 2444 ad
760 2378 871 2444 Circen
894 2379 983 2444 venit
1005 2383 1037 2443 et
1058 2379 1205 2460 poculum
1229 2379 1268 2443 ab
1291 2397 1331 2443 ea

95 2488 219 2570 accepit
239 2488 413 2555 remedium
429 2489 579 2555 Mercurii
601 2489 723 2554 monitu
738 2489 874 2555 coniecit
892 2508 1064 2571 ensemque
1082 2490 1211 2555 strinxit
1232 2488 1382 2556 mina-20

97 2605 151 2666 tus
181 2599 243 2665 nisi
273 2599 378 2665 socios
406 2600 467 2666 sibi
493 2600 680 2666 restitueret
709 2619 745 2666 se
772 2619 841 2666 eam
868 2600 1117 2666 interfecturum.
1144 2606 1220 2667 tunc
1242 2602 1331 2668 Circe

96 2711 257 2776 intellexit
276 2729 339 2776 non
355 2711 424 2776 sine
440 2711 569 2792 [divina]
593 2710 758 2777 voluntate
773 2712 904 2777 deorum
920 2713 953 2777 id
976 2731 1048 2777 esse
1069 2711 1202 2779 factum:
1223 2713 1332 2795 itaque

96 2821 160 2888 fide
183 2823 261 2888 data
283 2840 319 2886 se
341 2822 419 2888 nihil
442 2822 508 2888 tale
530 2823 770 2889 commissuram
793 2823 897 2888 socios
921 2824 989 2889 eius
1015 2825 1056 2890 ad
1078 2825 1247 2906 pristinam
1269 2823 1332 2890 for·

96 2952 182 2999 mam
203 2932 354 3014 restitnit,
376 2933 448 3016 ipsa
471 2953 541 3000 cum
564 2934 676 3000 eodem
699 2934 883 3016 concubuit,
906 2954 944 3000 ex
967 2955 1029 3017 quo
1050 2935 1133 3001 filios
1157 2936 1238 3002 duos
1259 2956 1333 3019 pro·

97 3087 121 3132 2.
140 3085 155 3129 3
174 3083 330 3129 5555515551
348 3079 373 3130 Σ
391 3082 457 3129 Hom
470 3081 555 3144 Odyss
567 3082 605 3128 IX
623 3082 672 3131 408
692 3069 771 3151 Οὖτίς
790 3097 822 3145 με
840 3079 930 3132 κτείνει
977 3083 1059 3131 nimo
1077 3083 1198 3144 Hippotae
1244 3087 1332 3132 8cum

97 3177 259 3239 accepissent,
278 3177 399 3226 secuml*
424 3191 479 3223 corr
496 3175 521 3226 Σ
576 3180 605 3225 11
632 3177 737 3225 ‘videtur
762 3175 856 3235 aliquid
882 3174 974 3224 deesse’
991 3177 1048 3224 Mic.
1067 3178 1085 3225 i.
1103 3192 1128 3224 m
1146 3184 1226 3238 recte,
1251 3181 1332 3239 possis

98 3270 142 3331 qai
163 3287 175 3318 e
191 3246 285 3318 cneus*
294 3270 365 3317 coriis
382 3270 418 3316 ud
434 3285 485 3317 eum
502 3271 581 3317 missia
599 3286 671 3318 onom
692 3271 702 3335 ss
723 3271 918 3330 1551555555511
942 3285 997 3317 corr
1016 3271 1102 3318 Comm
1157 3276 1186 3320 12
1207 3274 1331 3337 [undecim]

96 3367 157 3415 5551.
176 3362 202 3414 Σ
214 3362 224 3432 11
247 3362 310 3431 {aaut
329 3363 450 3424 5518515,
468 3365 517 3412 nisi
534 3365 581 3412 hoe
593 3366 675 3425 ipsum
693 3366 739 3414 sub
752 3380 781 3413 eo
794 3366 859 3425 quod
877 3370 915 3413 est
933 3365 1012 3412 ‘nave'
1031 3367 1114 3414 lateat.
1159 3370 1189 3416 13
1207 3368 1232 3414 in
1250 3368 1332 3417 insula

97 3460 211 3507 moenia
237 3459 313 3507 schol.
332 3458 624 3508 Stat.Theb.1111551
643 3475 670 3520 p.
684 3463 748 3520 141,
775 3459 817 3519 qni
841 3459 902 3506 haec
919 3461 1089 3521 transscripsit
1105 3475 1182 3521 usque
1202 3463 1234 3509 ad
1255 3463 1333 3511 verbe

98 3555 139 3602 ‘ad
150 3553 244 3601 inferos
257 3552 390 3601 descendit’
439 3554 533 3600 14-1,
549 3557 561 3600 1
575 3568 632 3614 pag.
647 3568 696 3614 seq.
713 3554 870 3614 Telegonum'
883 3554 959 3602 habet
970 3556 1091 3616 mythogr.
1106 3555 1185 3603 Vatic.
1199 3558 1211 3603 1
1229 3559 1260 3606 15
1278 3572 1302 3618 p.
1317 3561 1332 3606 5

94 3649 187 3696 11211
206 3663 231 3708 p.
246 3650 302 3705 146,
322 3650 335 3696 l
355 3648 393 3694 ed.
406 3646 436 3694 G.
449 3647 519 3694 Bode
535 3648 562 3694 in
580 3648 680 3696 brevius
693 3653 819 3696 55555515
862 3646 1332 3717 1oeipioctecech01.1.c.qiooom

95 3741 166 3790 schol
220 3741 250 3788 1e
269 3741 347 3801 apetie
364 3742 385 3787 F
404 3755 459 3789 corr
477 3739 591 3807 (15555511
612 3744 773 3791 commutavit
791 3740 884 3808 55155111
904 3743 993 3790 timens
1011 3743 1053 3802 qui
1071 3757 1120 3790 non
1138 3744 1275 3793 intraverat
1292 3761 1332 3794 om

95 3835 164 3884 schol
213 3838 243 3884 l'l
263 3836 419 3883 nuntiavitF
437 3836 561 3903 1555515511
575 3837 662 3885 (lomna
675 3834 684 3904 11
697 3838 748 3900 qui]
769 3838 790 3885 is
809 3837 940 3901 5515511155
958 3837 1076 3884 eontulit:
1095 3836 1148 3904 sed]
1169 3840 1333 3899 proficiscitur

96 3928 136 3977 cui
155 3929 227 3978 schol
242 3929 285 3989 qui
303 3928 340 3977 ‘ei’
359 3944 399 3977 om
452 3933 482 3978 19
501 3936 662 3991 posteaquam
687 3933 720 3978 ad
745 3947 798 3980 earn
817 3932 887 3980 schol
907 3929 917 3998 ss
939 3931 970 3978 ab
990 3947 1019 3979 ee
1036 3935 1125 3993 poculo
1150 3939 1251 3994 accepto
1268 3935 1332 3983 Mor·

95 4023 158 4073 curii
181 4024 315 4071 remedium
339 4025 439 4072 miscuit
461 4024 531 4072 schol
556 4029 580 4072 et
597 4026 673 4086 myth.
693 4026 749 4074 Vat.
808 4027 840 4074 20
860 4021 902 4090 leel
921 4026 1020 4075 coniecit
1037 4027 1093 4074 coni
1110 4027 1159 4076 Soh
1179 4025 1189 4092 ΙΙ
1208 4033 1233 4075 51
1250 4030 1334 4076 eduxit

95 4134 180 4168 ensem
197 4120 267 4180 eique
286 4119 393 4167 minatus
412 4123 456 4178 551,
475 4120 600 4168 51555155
619 4119 666 4168 sibi
684 4120 823 4168 restitueret
841 4121 910 4168 schol
963 4125 993 4169 21
1013 4125 1071 4169 tunc
1089 4121 1167 4184 Cyrae
1184 4123 1262 4170 sensit
1279 4124 1333 4171 sine

94 4215 223 4262 voluntate
247 4214 349 4261 deorum
376 4211 430 4278 lhoc
454 4213 531 4274 myth.
548 4210 612 4279 Vati
638 4228 688 4261 nou
714 4229 768 4264 esse
790 4216 882 4263 sactum
907 4217 977 4264 schol
1038 4219 1068 4263 12
1088 4217 1185 4264 &mum
1207 4219 1258 4265 5551
1282 4217 1332 4265 Sch

99 4307 184 4355 5155555
201 4308 314 4357 sectilia
361 4310 392 4355 23
411 4309 470 4372 tale]
486 4307 602 4354 55155151
647 4310 688 4355 23.
703 4311 735 4357 14
752 4310 848 4369 fideque
866 4310 924 4357 data
936 4311 1017 4359 socios
1034 4311 1057 4358 ei
1074 4310 1188 4359 restituit.
1206 4310 1260 4374 ipse
1277 4326 1333 4360 cum

99 4416 130 4450 ea
147 4403 216 4451 schol
234 4401 244 4466 Ι]
263 4416 293 4449 ex
311 4417 359 4462 qua
377 4403 528 4462 Telegonum
545 4386 685 4463 procreavit
701 4404 771 4452 schol
