3082 4950
678 239 770 308 XVII

104 402 224 480 posset,
246 396 491 478 viderenturque
512 397 574 461 hae
592 394 720 461 fabulae
734 400 886 477 tanquam
908 393 941 459 in
961 393 1121 459 cumulum
1144 392 1339 473 accessisse;

106 511 166 576 sed
188 509 268 575 satis
292 515 419 575 cantum
443 512 513 573 erat
535 507 661 573 adiecto
681 526 791 590 regum
811 505 1056 571 Atheniensium
1077 505 1181 570 indice
1203 523 1244 569 ne
1268 504 1339 585 quis

106 628 163 687 aut
184 620 378 687 Philomelae
406 625 462 685 aut
483 619 660 686 Chthoniae
689 622 827 683 aetatem
847 618 1019 700 ignoraret.
1062 617 1139 682 Loci
1166 616 1339 698 singularis

106 752 200 815 quem
222 731 388 815 Hippolyti
417 730 526 796 fabula
556 730 678 795 obtinet
700 729 842 809 (XLVII)
869 729 1024 793 ratIonem
1052 727 1134 793 infra
1153 728 1340 793 reddemus:

106 843 267 909 ProcridiS
288 861 363 907 vero
386 847 418 907 et
435 841 591 923 Phyllidis
612 840 747 907 fabellas
769 840 798 905 si
820 841 891 921 quis
908 840 1041 905 miretur
1065 839 1117 904 hio
1136 839 1246 918 omitti,
1267 839 1342 903 lieet
1426 924 1429 931 Ι

106 956 140 1022 in
162 973 273 1037 regum
295 954 400 1019 indice
422 957 627 1035 compareant
650 958 683 1017 et
705 950 866 1033 Cephalus
889 950 1048 1016 Procridis
1071 951 1261 1016 marituset
1278 950 1342 1014 De-

107 1067 266 1149 mophoon
280 1064 418 1147 Phyllidi
435 1066 626 1146 desponsus,
643 1063 840 1144 alteramque
857 1067 954 1144 caput
970 1062 1092 1127 LVIIII
1109 1060 1243 1142 efficere,
1263 1061 1342 1126 alte·

108 1196 177 1243 ram
199 1196 224 1242 c.
238 1176 474 1242 CLXXXVIIII
496 1175 636 1256 tractari,
660 1176 701 1240 de
720 1174 828 1239 Procri
850 1173 930 1239 haec
951 1173 1054 1238 habeo
1071 1172 1185 1254 quibus
1203 1172 1343 1237 auctoris

110 1306 257 1354 caussam
280 1287 458 1353 defendam.
504 1286 538 1352 Si
560 1305 624 1352 non
642 1285 852 1368 improbabile
874 1285 918 1350 sit
937 1284 1010 1351 libri
1032 1289 1193 1350 auctorem
1214 1283 1247 1348 in
1270 1301 1343 1349 uon-

111 1399 276 1466 cinnandis
306 1417 331 1464 c.
348 1398 582 1463 XH-XXVII
610 1396 848 1479 Argumentum,
878 1395 1214 1461 XXVIIII—XXXVI
1243 1396 1362 1461 Hera·-

111 1511 225 1591 cleide‚
254 1509 564 1575 XXXVH—XLIV
594 1507 751 1574 Theseide
781 1508 887 1589 aliqua
916 1524 1009 1573 usum
1039 1525 1127 1588 esse,
1156 1505 1249 1573 facile
1275 1506 1345 1574 fieri
1427 1545 1428 1548 =

111 1626 249 1705 poterat,
272 1627 309 1686 ut
330 1621 371 1686 dc
392 1620 463 1686 Ioco
485 1618 647 1685 dubitaret
669 1637 731 1701 qno
749 1618 877 1685 fabulas
899 1637 937 1684 ex
957 1618 1007 1684 his
1026 1617 1168 1685 fontibus
1186 1639 1250 1686 nou
1266 1619 1345 1684 han·

110 1734 240 1799 rieudas
271 1737 346 1815 apte
375 1732 539 1797 insereret.
589 1732 703 1813 Itaque
731 1730 827 1796 laude
853 1730 961 1811 potins
989 1748 1084 1812 quam
1110 1731 1345 1813 vituperatione

112 1845 229 1927 dignus
251 1843 386 1922 videtur,
409 1844 494 1925 quod
517 1842 614 1908 alium
635 1842 739 1908 Iocum
762 1840 1049 1923 circumspiciebat,
1072 1861 1134 1924 quo
1156 1861 1220 1908 non
1241 1843 1345 1909 minus

112 1956 277 2022 commode
297 1955 489 2036 legerentur.
530 1955 599 2019 Iam
614 1972 691 2019 vero
709 1971 735 2019 c.
753 1952 1059 2019 CLXXXV-CXC
1075 1953 1161 2019 turta
1179 1954 1345 2019 mulierum

86 2148 89 2153 ¹
112 2067 332 2149 virginumque
348 2065 650 2131 formosissimamm
667 2065 844 2131 traditurus
861 2068 940 2145 erat,
956 2064 1130 2131 Atalantae
1144 2065 1347 2148 Melanippus

113 2176 325 2260 Theophanes
344 2177 476 2259 Alopae.
498 2177 574 2258 quid
595 2177 642 2241 rei
665 2183 801 2241 naturae
820 2175 1056 2242 convenientius
1075 2195 1168 2258 qnam
1184 2183 1222 2242 nt
1238 2196 1347 2244 earum

113 2288 219 2356 coetui
242 2288 339 2353 etIam
358 2288 487 2354 Procrin
507 2287 676 2354 Theonoen
699 2288 780 2354 alias
802 2287 1020 2354 adscriberet?
1062 2287 1217 2370 Phyllidis
1240 2294 1346 2354 antem

114 2401 148 2466 in
170 2400 274 2465 Iocum
301 2399 437 2465 ahenum
466 2399 615 2482 migratio
644 2403 680 2464 nt
706 2397 858 2481 explicari
884 2399 989 2481 possit
1016 2398 1163 2464 uberiore
1189 2418 1269 2480 opus
1298 2406 1349 2465 est

113 2510 340 2594 disputatione.
385 2510 499 2592 Capita
513 2510 647 2576 XLVIII
664 2516 769 2592 (reges
784 2509 1037 2589 Atheniensium)
1056 2514 1088 2574 et
1105 2509 1208 2575 LXVI
1222 2510 1347 2588 (Laius)

115 2622 310 2688 distinentur
342 2621 481 2703 capitum
512 2622 727 2703 septendecim
760 2639 892 2685 numero
924 2625 1070 2700 caterva,
1102 2639 1235 2702 qnorum
1268 2622 1347 2687 ordo

115 2751 219 2816 neque
239 2739 418 2815 temporum
440 2730 565 2798 ratione
587 2750 690 2814 neque
706 2733 838 2797 heroum
855 2731 1050 2814 genealogiis
1066 2750 1170 2813 neque
1187 2732 1250 2797 ali0
1271 2751 1348 2814 quo·

114 2847 190 2911 dam
212 2845 297 2926 quod
320 2845 447 2925 quidem
469 2844 607 2927 perspici
628 2844 733 2926 possit
750 2843 882 2909 consilio
903 2842 1025 2908 nititur.
1047 2861 1111 2926 qua
1129 2849 1261 2925 propter
1278 2862 1350 2910 cum

114 2957 250 3039 prImum
272 2956 419 3021 adhunc
447 2956 611 3038 scopulum
638 2955 794 3036 illiderer,
818 2954 1006 3037 suspicabar
1032 2960 1251 3021 coacervatam
1274 2974 1348 3022 esse

115 3070 147 3135 h.
163 3070 184 3135 l.
206 3067 362 3135 eiusmodi
379 3066 557 3133 fabularum
576 3067 711 3147 turbam,
732 3085 865 3149 quarum
885 3065 1123 3131 referendarum
1140 3066 1172 3131 in
1189 3066 1349 3150 prioribus

116 3180 189 3246 libri
218 3178 364 3262 partibus
392 3184 525 3260 propter
554 3196 701 3244 caussam
732 3177 862 3243 allatam
892 3177 1016 3242 occasio
1043 3176 1200 3243 delusisset
1226 3179 1350 3260 mytho-

118 3291 250 3374 grapho.
280 3291 366 3372 qnod
395 3307 585 3371 quamquam
615 3289 701 3354 cadit
728 3289 762 3353 in
790 3288 897 3370 capita
918 3289 954 3353 L.
975 3288 1028 3353 LI.
1057 3288 1154 3354 LVII.
1181 3288 1246 3354 LX.
1269 3289 1350 3358 LXI.

117 3403 206 3500 LXV
227 3401 366 3467 Alcestis
389 3401 546 3466 Admetus
572 3400 785 3482 Bellerophon
814 3406 848 3465 et
875 3398 1076 3464 Stheneboea
1098 3399 1254 3481 Sisyphus
1282 3400 1351 3467 Sal·
1378 3406 1382 3419 '

118 3531 249 3579 monens
272 3511 413 3594 Alcyone
434 3512 591 3594 inscripta
613 3516 646 3577 et
667 3530 705 3576 ex
723 3510 1092 3576 Aeolidarumhistoriis
1112 3517 1270 3594 excerpta,
1292 3531 1351 3579 nec

118 3643 181 3690 non
204 3625 235 3688 in
257 3642 348 3705 capp.
364 3624 478 3689 LXIII.
494 3624 548 3690 IV.
566 3623 647 3689 LIV.
663 3623 708 3689 VI
725 3623 849 3702 (Danae
866 3621 1070 3696 Andromeda
1088 3622 1198 3689 Thetis
1213 3625 1350 3705 Busiris)

119 3754 253 3818 qnorum
283 3734 399 3816 aliquis
429 3753 500 3800 cnm
530 3735 668 3800 Hercule
698 3739 749 3800 est
779 3752 894 3814 nexus,
925 3732 1062 3814 deniqne
1084 3733 1116 3799 in
1138 3734 1248 3801 XLIX.
1278 3737 1352 3802 LIX

119 3845 346 3929 (Aesculapius
363 3845 502 3928 PhyIIIs)
520 3864 602 3927 quae
619 3852 695 3911 sunt
712 3844 840 3911 fabulae
857 3844 982 3910 Atticae
1002 3845 1143 3927 originis,
1164 3852 1351 3914 tamennon
1474 3908 1477 3915 .

119 3959 205 4024 idem
227 3957 314 4023 cadit
340 3959 373 4022 in
403 3960 592 4039 argumenta
612 3956 743 4038 relians
770 3955 928 4037 capitibus
955 3960 1095 4022 tractata
1115 3959 1175 4023 LII
1196 3940 1350 4042 Aeginam

120 4070 196 4135 LIII
218 4068 366 4135 Asterien
388 4069 444 4134 LV
466 4069 593 4150 'Iitynm
615 4069 721 4133 LVIII
738 4068 905 4148 Smyrnam
925 4067 1014 4132 LXII
1036 4068 1190 4135 Ixionem:
1213 4075 1245 4136 et
1267 4072 1352 4152 qnod

122 4180 345 4263 gravissimum
368 4185 428 4261 est,
450 4198 491 4245 ne
514 4198 572 4245 eae
588 4179 715 4260 quidem
737 4178 865 4244 fabulae
888 4197 1020 4261 quarum
1043 4178 1150 4262 aliqua
1173 4183 1351 4262 argumenti

122 4297 173 4358 est
195 4290 334 4357 adfinitas
361 4310 455 4356 unam
478 4291 569 4373 qnasi
595 4290 732 4355 classem
755 4291 965 4371 constituunt,
997 4292 1056 4356 sed
1077 4293 1165 4356 velut
1186 4293 1352 4362 naviculae

121 4407 314 4485 tempestate
336 4402 503 4484 dispersae
529 4402 562 4467 in
589 4407 681 4468 vasto
708 4401 824 4484 pelago
852 4400 1006 4468 feruntur.
1050 4404 1161 4484 Itaque
1184 4404 1224 4470 ad
1252 4405 1352 4473 inter·

183 4514 209 4554 II.
224 4514 327 4560 Schmidt,
347 4514 421 4562 Hygini
439 4513 527 4554 Fabulae
1111 4511 1147 4553 *dt
