3082 4950
685 218 775 285 XXV

112 390 192 454 rope
216 369 385 438 CLXXXV
416 371 568 438 Atalante
596 372 784 438 CLXXXVI
808 370 992 454 Melanippo
1016 370 1219 438 CLXXXVII
1246 370 1348 452 Alope

113 482 334 550 CLXXXVIII
356 483 551 565 Theophane
571 476 758 550 CLXXXIX
772 483 898 549 Procris
916 484 996 551 CXC
1011 484 1160 550 Theonoe
1179 481 1275 548 CXCI
1292 501 1349 547 rex

113 593 228 660 Midas.
259 594 345 660 ultra
361 594 456 661 CXCI
481 595 564 660 enim
587 593 897 677 fabulamprogredi
918 594 1091 674 nonlicet,
1120 595 1195 676 quta
1217 592 1347 659 dubium

113 723 186 771 esse
201 704 321 787 nequit,
343 705 419 788 quin
437 725 457 771 a
476 724 500 771 c.
519 705 632 772 CXCII
648 706 767 788 (Hyas)
785 725 870 771 nova
883 705 1015 788 incipiat
1029 705 1128 771 series
1146 706 1213 771 suis
1231 702 1348 768 finibus

114 815 361 898 oneumscripta.
405 817 523 883 Decem
544 816 643 898 igitur
658 817 837 884 fabularum
852 817 958 899 potior
979 836 1056 899 pars
1078 835 1147 881 cum
1171 815 1292 881 minore
1309 831 1347 880 eo

113 926 228 1007 differt,
250 929 336 1009 quod
356 929 430 1011 ipsa
447 927 613 993 mulierum
634 929 763 994 nomina
777 929 875 994 habet
889 910 1052 1010 inscripta,
1075 928 1177 992 altera
1197 926 1348 992 mascula.

114 1044 149 1104 at
163 1057 268 1121 neque
284 1058 389 1106 mares
405 1058 508 1122 neque
524 1038 661 1106 feminae
680 1042 722 1105 ad
738 1041 872 1107 eandem
890 1045 947 1106 ant
966 1040 1079 1122 proavi
1092 1039 1275 1122 progeniem
1293 1042 1350 1104 aut

112 1148 291 1216 tabularum
311 1150 464 1218 familiam
485 1150 657 1232 pertinent,
679 1152 810 1234 Merope
825 1171 866 1216 ne
887 1153 929 1217 ad
949 1156 1094 1233 tempora
1109 1150 1237 1232 quidem
1258 1148 1348 1215 fabu-

113 1261 194 1327 losa
217 1279 278 1344 ego
300 1261 441 1328 maribus
463 1262 540 1344 quid
561 1261 676 1327 faciam
699 1262 819 1342 dubito,
842 1280 912 1328 cnm
933 1281 997 1327 non
1019 1264 1116 1328 liceat
1133 1264 1348 1327 Laocoontem

113 1377 189 1454 post
205 1372 324 1453 CVIII,
347 1373 457 1443 Midan
481 1374 522 1438 ad
545 1373 715 1453 Bacchica,
735 1373 902 1456 Polyidum
926 1373 1135 1456 Amythaonis
1158 1373 1348 1454 abnepotem

117 1485 158 1550 ad
174 1484 290 1550 Minois
306 1484 500 1550 consortium
515 1486 673 1564 reuocare,
697 1485 841 1566 quamvis
856 1485 1000 1567 ineptum
1022 1485 1074 1566 sit,
1094 1484 1260 1566 Polyidum
1275 1487 1350 1564 post

116 1595 277 1662 CXXVIII
298 1596 425 1661 demum
448 1600 544 1678 caput
559 1595 813 1676 commemorari;
836 1595 869 1661 in
885 1597 1040 1663 Thestore
1063 1596 1146 1662 enim
1163 1593 1270 1675 (CXC)
1286 1613 1348 1659 non

115 1706 320 1787 offendimus
353 1725 423 1772 cum
446 1707 591 1789 Hyginus
614 1725 639 1772 o.
653 1706 771 1773 XCVII
798 1712 922 1789 petrem
945 1707 1127 1775 Calchantis
1156 1725 1226 1772 eum
1248 1705 1349 1770 fuisse

113 1817 319 1900 perhibuerit.
348 1817 486 1883 Facilius
500 1818 700 1900 perspicitur,
716 1819 855 1900 capitum
868 1817 1349 1897 CXXXVII÷CLXIIXIV⁸—

115 1927 203 2008 CXC,
224 1928 339 2010 quibus
356 1928 484 1996 CXCIII
502 1930 728 2013 (Harpalycus,
749 1930 822 2012 lege
841 1930 1049 2014 Harpalyce)
1065 1928 1252 2008 addiderim,
1268 1947 1350 2010 quae
1423 1947 1424 1950 ¹
1525 1943 1529 1955 ¹

114 2039 211 2106 fuerit
238 2039 331 2106 ratio.
360 2048 397 2106 ut
424 2048 547 2107 taceam
571 2041 721 2106 mulieres
747 2042 934 2124 congregari
961 2042 1153 2123 trogmorum
1176 2046 1247 2106 arte
1268 2041 1349 2105 cele-

114 2150 234 2233 bratas,
260 2171 451 2234 quamquam
474 2153 741 2236 mythographnm
765 2172 785 2218 a
807 2154 972 2234 tragoedia
993 2153 1134 2235 pendere
1156 2171 1219 2217 non
1240 2170 1350 2233 perse-

114 2263 306 2344 veraverim,
327 2281 390 2329 non
413 2263 515 2329 solum
537 2264 692 2330 vocabulo
715 2265 853 2346 quodam
874 2265 1031 2347 capitibus
1051 2263 1349 2331 CLXXXV—VIII

115 2375 273 2441 communi
296 2377 510 2457 admonemur,
533 2380 569 2440 ut
583 2375 664 2442 haeo
679 2376 924 2458 pulchritudiuis
947 2376 1091 2458 exempla
1109 2377 1253 2441 dieamus
1276 2393 1349 2439 eon-

115 2485 187 2551 silio
198 2486 337 2552 auctoris
351 2493 513 2567 congesta,
529 2488 588 2552 sed
600 2505 618 2551 e
629 2487 770 2568 Neptuni
782 2487 877 2552 etiam
889 2487 1049 2552 mentione
1060 2506 1117 2569 per
1128 2505 1153 2551 c.
1164 2486 1350 2552 CLXXXVI

116 2598 240 2663 -VIII
260 2599 378 2663 iterata
399 2598 468 2663 iure
489 2598 582 2663 nobis
605 2598 755 2679 colligere
771 2598 956 2679 ridebimur,
978 2599 1039 2663 hoo
1059 2598 1164 2680 ipsum
1186 2617 1250 2662 non
1272 2615 1349 2663 casu

116 2710 175 2776 sed
190 2709 322 2775 consilio
337 2709 457 2775 factum
472 2727 551 2774 esse.
590 2708 649 2790 (Cf.
664 2708 762 2773 verba
776 2708 870 2774 haec:
889 2709 1159 2793 threnosz'ssr'mmr
1178 2709 1350 2792 Neptunus

116 2823 316 2903 compressit.
341 2820 579 2906 formosissime
595 2841 664 2883 mem
683 2827 766 2885 esset
779 2820 952 2903 Neptrrrecs
969 2842 1040 2885 eom
1055 2823 1255 2904 compressit.
1277 2821 1350 2904 for·

116 2933 295 2996 merissima
322 2934 417 3016 sirpo
441 2979 448 2991 .
476 2979 482 2993 .
509 2932 683 3016 Neptunus
710 2933 799 2996 ories
828 2953 898 2996 rom
928 2931 1122 3016 Theophane
1151 2931 1349 3012 commederit.)

115 3042 226 3124 itaque
247 3043 354 3126 palam
378 3048 443 3124 est,
473 3044 553 3108 haec
574 3043 682 3125 capita
710 3048 848 3124 quatuor
875 3043 1026 3109 habenda
1054 3063 1127 3110 esse
1148 3043 1350 3127 principalia;

115 3154 265 3236 favetque
278 3154 353 3220 huic
368 3154 548 3220 sententiae
562 3154 666 3237 ipsius
681 3155 799 3237 Hygini
815 3155 1001 3235 auctoritare,
1022 3155 1086 3237 qui,
1106 3156 1147 3221 de
1162 3154 1351 3219 mortalibus

117 3267 301 3348 a·Neptuno
316 3266 508 3348 compressis
524 3266 557 3330 in
572 3266 645 3331 libri
660 3267 801 3331 secunda
816 3273 908 3346 parte
922 3285 958 3330 se
974 3266 1101 3346 dixisse,
1123 3284 1148 3331 o.
1165 3264 1351 3331 CCXXVIII
1405 3298 1413 3308 ·

116 3377 258 3458 (indicis)
281 3382 422 3443 testatus
444 3381 504 3442 est.
527 3380 652 3442 ceterae
674 3376 802 3442 fabulae
818 3375 904 3441 unde
922 3377 1115 3443 accesserint
1136 3396 1199 3442 non
1217 3377 1350 3456 extric03
1451 3362 1461 3386 ’

115 3488 179 3554 nisi
200 3488 430 3555 adiectionibus
452 3488 517 3553 illis
540 3507 559 3552 a
580 3488 666 3553 fama
691 3488 859 3554 mulierum
881 3488 1150 3554 nobilissimarum
1172 3490 1350 3555 excusatio-

31 3638 36 3645 .
116 3619 189 3666 nem
205 3618 278 3666 esse
292 3605 439 3682 paratam
454 3600 662 3682 suspicemur.
685 3617 850 3681 quaecum
867 3600 915 3665 ita
931 3600 996 3666 sint
1011 3606 1146 3682 apparet
1159 3618 1185 3667 c.
1197 3601 1350 3667 CXXXV.

117 3712 163 3779 VI
183 3732 204 3778 a
225 3712 432 3794 sequentibus
448 3729 543 3793 quam
558 3711 694 3778 maxime
710 3709 815 3776 aliena
830 3729 912 3777 essa.
934 3717 1129 3793 quapropter
1144 3731 1184 3778 ne
1199 3714 1350 3779 maiorem

115 3824 275 3889 licentiam
298 3822 375 3888 mihi
397 3841 524 3888 sumere
545 3823 680 3902 viderer,
701 3842 741 3887 ex
761 3828 897 3904 utroquo
920 3823 1081 3905 singulare
1104 3824 1233 3906 aliquod
1255 3830 1351 3906 caput

117 3934 354 4014 constituerem,
377 3935 471 3999 modo
488 3933 699 4000 demonstrari
714 3938 836 4016 posset,
856 3934 888 3998 h.
899 3934 918 4001 l.
935 3934 1041 4015 capita
1056 3934 1176 4016 aliquot
1190 3935 1222 4002 in
1239 3936 1350 4001 eodem

116 4050 306 4130 argumento
325 4047 491 4111 versantia
511 4044 722 4112 intercidisse.
753 4050 788 4110 ut
809 4064 885 4111 vero
905 4064 989 4111 nunc
1011 4051 1195 4129 comparata
1215 4066 1269 4112 res
1292 4051 1351 4128 est,

116 4157 307 4240 propensior
328 4175 399 4222 sum
422 4158 463 4221 ad
480 4157 681 4238 credendum,
702 4157 893 4223 Laocoontis
908 4157 1049 4223 fabulam
1066 4157 1107 4223 ab
1122 4158 1350 4240 interpolatore

117 4269 255 4352 quodam
283 4267 409 4350 Virgilii
437 4267 606 4349 Ovidiique
634 4269 780 4334 studioso
810 4287 882 4335 esse
910 4267 1093 4350 infarctam,
1123 4269 1176 4350 qui
1206 4286 1231 4333 c.
1248 4268 1350 4334 CVIII

117 4378 309 4446 Laocoontis
331 4379 495 4445 interitum
514 4379 616 4444 omitti
638 4380 820 4458 miraretur;
842 4378 967 4461 Polyidi
989 4386 1095 4446 autem
1111 4379 1251 4446 fabulam
1273 4399 1349 4464 quo-
