3082 4950
752 226 871 292 53.

159 378 311 462 ducitque
336 397 406 445 eam
426 396 497 445 cum
519 379 594 447 filiis
616 381 683 447 suis
706 382 749 446 ad
767 382 925 447 Iasonem.
954 397 1037 463 quae
1064 399 1135 446 eum
1158 399 1231 447 eum
1249 380 1394 462 vidisset,

158 490 291 574 agnovit
307 510 400 573 quem
417 491 450 557 in
472 491 604 558 somniis
629 493 836 558 adamaverat
850 492 981 559 Iunonis
998 490 1146 575 impulsu
1173 493 1341 574 omniaque
1363 492 1394 558 ei

159 603 330 686 pollicetur
352 606 384 668 et
405 603 585 686 perducunt
607 623 679 669 eum
702 606 744 669 ad
765 604 928 687 templum.

652 778 745 916 XXll
767 798 888 886 Aelelta

244 936 383 1022 Aeleltae
404 935 488 1019 Solis
510 935 577 1003 filio
596 940 666 1002 erat
684 955 889 1019 responsum,
910 936 1034 1003 tamdiu
1057 956 1128 1003 eum
1151 956 1283 1018 regnum
1301 935 1391 1002 habi-

156 1051 264 1113 turum
283 1047 435 1129 quamdiu
451 1066 489 1115 ea
504 1047 598 1131 pellis
614 1065 709 1129 quam
725 1047 861 1114 Phrixus
879 1055 1122 1115 consecraverat
1138 1049 1172 1116 in
1186 1048 1261 1113 fano
1276 1045 1421 1114 Martis5

156 1164 252 1225 esset
294 1161 407 1243 Itaque
424 1160 545 1247 Aelelta
568 1159 678 1224 Iasoni
701 1160 783 1225 hanc
808 1160 1003 1226 simultatem
1031 1161 1209 1228 constituit:
1241 1159 1269 1224 si
1294 1157 1392 1224 vellet

155 1271 272 1353 pellem
291 1269 485 1357 linlauratam
503 1269 681 1352 eudilane,
703 1275 814 1337 tauros
838 1271 1004 1355 aeripedes
1029 1272 1082 1355 qui
1098 1271 1243 1338 flammas
1260 1269 1390 1335 naribus

154 1381 324 1464 spirabant
337 1382 485 1465 iungeret
507 1385 698 1449 adamanteo
715 1382 790 1466 iugo
812 1388 846 1449 et
863 1389 971 1450 araret
987 1384 1163 1466 dentesque
1186 1380 1333 1448 draconis
1352 1398 1390 1446 ex

155 1492 248 1577 galea
269 1499 406 1576 sereret,
438 1513 476 1560 ex
500 1494 615 1576 quibus
640 1512 719 1577 gens
743 1499 937 1560 armatorum
955 1495 1065 1560 statim
1087 1497 1337 1575 enascerelnltur
1357 1498 1390 1558 et

154 1624 190 1672 se
213 1608 324 1671 mutuo
347 1605 548 1673 interficeret.
592 1606 672 1672 Iuno
699 1609 806 1672 autem
833 1608 990 1687 [Iasonem
1016 1605 1056 1671 ob
1080 1605 1115 1671 id
1139 1625 1264 1688 semper
1287 1605 1388 1670 voluit
1398 1605 1438 1668 10

154 1721 326 1784 servatum.
358 1717 444 1799 quod
468 1736 539 1783 cum
562 1718 603 1782 ad
620 1716 738 1782 fiumen
761 1716 930 1791 'Frenisset
952 1702 1062 1783 volens
1081 1717 1243 1783 hominum
1264 1720 1388 1782 mentes

153 1833 288 1910 tentare,
309 1848 405 1894 anum
422 1847 458 1895 se
474 1829 637 1902 simulavit
655 1833 685 1894 et
700 1828 826 1910 rogavit
843 1833 880 1893 ut
897 1848 933 1895 se
948 1825 1184 1920 transferrelnlt.
1207 1846 1278 1894 cum
1295 1830 1389 1908 clale-

152 1940 215 2007 teri
239 1941 293 2023 qui
315 1923 510 2006 transierant
532 1939 770 2023 despexissent,
799 1940 853 2006 ille
875 1941 1042 2006 transtulit
1063 1959 1147 2006 eam:
1177 1940 1297 2021 itaque]
1317 1957 1388 2004 cum

138 2052 252 2118 'sciret
270 2052 418 2118 Iasonem
442 2053 511 2118 sine
532 2052 665 2118 Medeae
690 2051 822 2116 consilio
844 2051 1002 2134 imperata
1023 2051 1176 2136 perficere
1197 2071 1261 2118 non
1280 2069 1388 2133 posse,

151 2161 234 2246 petit
259 2162 417 2229 aVenere
438 2167 475 2228 ut
489 2163 623 2229 Medeae
647 2181 786 2228 amorem
810 2162 985 2251 inililceret.
1029 2165 1124 2230 lason
1149 2182 1170 2228 a
1188 2163 1304 2229 Medea
1325 2158 1437 2228 lle-15

151 2274 239 2340 neris
254 2272 395 2356 impulsu
413 2278 538 2340 amatus
554 2277 612 2339 est.
635 2273 704 2339 eius
722 2291 820 2356 opera
837 2272 877 2338 ab
894 2275 981 2340 omni
996 2276 1138 2358 periculo
1155 2273 1310 2340 liberatus
1327 2277 1386 2339 est.

150 2404 226 2451 nam
245 2403 316 2450 cum
331 2385 434 2451 tauris
453 2389 578 2451 orasset
594 2389 628 2450 et
643 2385 757 2459 armati
773 2390 886 2450 essent
901 2387 996 2468 enati,
1017 2388 1151 2452 Medeae
1166 2385 1289 2451 monitu
1306 2383 1386 2466 lapi-

151 2498 226 2563 dem
244 2496 400 2562 intereos
418 2496 547 2562 abiecit:
577 2494 623 2560 illi
644 2495 728 2560 inter
748 2514 783 2562 se
800 2501 982 2578 pugnantes
1007 2497 1089 2564 alius
1107 2478 1204 2563 auum
1220 2495 1386 2562 interiece-

150 2613 236 2674 runt.
266 2608 404 2675 dracone
427 2612 533 2692 autem
553 2607 684 2673 venenis
710 2607 817 2688 sopito
839 2607 956 2691 pellem
977 2608 1018 2674 de
1035 2608 1109 2674 fano
1130 2608 1262 2675 sustulit
1279 2607 1312 2675 in
1328 2625 1385 2691 pa-

150 2719 308 2802 triamque
330 2737 402 2785 cum
423 2720 540 2785 Medea
562 2722 613 2784 est
634 2717 806 2801 profectus.
1391 2713 1434 2778 20

622 2917 728 2983 XXIII
749 2915 911 3000 Absyrtus

236 3054 357 3140 Aelelta
379 3057 416 3120 ut
442 3053 550 3119 resciit
569 3055 717 3120 Medeam
742 3073 813 3120 cum
831 3054 947 3119 Iasone
969 3052 1165 3136 profugisse,
1194 3071 1277 3119 nave
1301 3071 1384 3118 com-

151 3168 269 3247 parata
280 3164 368 3231 misit
380 3165 554 3247 Absyrtum
569 3164 668 3231 filium
683 3184 755 3231 eum
771 3163 964 3230 satellitibus
981 3164 1113 3230 armatis
1129 3166 1172 3232 ad
1189 3184 1259 3230 eam
1275 3184 1384 3247 perse-

150 3278 319 3359 quendam.
364 3275 426 3354 Qui
448 3294 518 3342 cum
539 3276 573 3341 in
589 3275 752 3342 Adriatico
776 3276 857 3341 mari
880 3275 914 3339 in
929 3275 1053 3340 Histria
1074 3294 1144 3340 eam
1168 3277 1383 3360 †persecutus

150 3393 239 3454 esset
255 3388 298 3453 ad
313 3387 480 3453 Alcinoum
500 3406 608 3471 regem
637 3392 670 3453 et
685 3387 803 3452 vellent
826 3385 923 3451 armis
942 3387 1147 3468 contendere,
1178 3387 1330 3454 Alcinous
1349 3408 1384 3455 se
1480 3447 1483 3454 .

148 3499 235 3565 inter
258 3517 313 3565 eos
335 3499 528 3581 interposuit
551 3517 592 3564 ne
613 3498 780 3564 bellarent.
811 3515 904 3579 quem
925 3496 1061 3563 iudicem
1084 3504 1299 3580 sumpserunt.
1330 3502 1433 3584 quiet

150 3629 207 3677 eos
230 3609 263 3675 in
287 3616 452 3693 posterum
481 3610 615 3676 distulit.
667 3609 729 3688 Qui
754 3629 825 3676 cum
847 3608 970 3675 tristior
994 3613 1083 3675 esset
1109 3614 1143 3674 et
1165 3609 1382 3695 interrogatus

151 3726 239 3787 esset
255 3740 274 3787 a
290 3722 424 3805 coniuge
439 3723 546 3803 Arete,
569 3740 651 3803 quae
676 3739 775 3787 causa
792 3725 880 3786 esset
900 3719 1061 3802 tristitiae,
1086 3721 1166 3786 dixit
1188 3741 1224 3788 se
1245 3722 1383 3790 iudicem

150 3839 313 3916 sumptum
337 3852 357 3900 a
382 3833 506 3900 duabus
530 3833 666 3899 diversis
692 3833 874 3899 civitatibus
900 3832 996 3913 [inter
1019 3831 1152 3900 Colchos
1177 3838 1209 3900 et
1225 3835 1382 3917 Argivosl.

149 3964 354 3973 ——-.---

159 4093 170 4116 ·
217 4033 298 4080 4-s
316 4032 347 4080 ci.
365 4032 435 4080 schol
454 4031 515 4079 Stat.
533 4032 611 4080 Theb.
630 4035 718 4094 pesa
736 4033 801 4082 Lind
843 4033 979 4082 taetaeF
997 4046 1052 4079 corr
1065 4031 1152 4080 Gomm
1196 4029 1383 4100 'llinlcuratam

149 4127 206 4176 coni
225 4125 250 4176 Σ
263 4123 273 4193 ΙΙ
286 4127 422 4175 aufferret*
440 4141 495 4175 corr
507 4125 594 4174 Gomm
646 4131 830 4176 beausccrctar
846 4129 888 4176 vel
903 4126 1119 4190 iatcpiacreatsch
1172 4130 1280 4177 10-13
1299 4128 1383 4189 spuria
1448 4172 1453 4177 .
1517 4120 1521 4129 ’

150 4221 289 4271 eliminavit
306 4220 332 4272 Σ
386 4223 418 4270 12
436 4220 595 4276 mnafmcnt
610 4221 654 4269 Mu

219 4318 251 4365 23
270 4316 304 4379 [ia
321 4316 428 4377 Histria]
446 4316 532 4377 Lange
549 4319 566 4364 l.
580 4331 602 4363 c.
621 4331 645 4376 p.
660 4317 690 4363 61
745 4319 778 4365 24
795 4316 903 4366 vellatF
921 4331 976 4365 corr
991 4313 1016 4364 Σ
1066 4318 1098 4365 25
1116 4316 1179 4363 inter
1197 4315 1247 4377 eos]
1263 4317 1312 4364 hue
1328 4331 1383 4378 per-

149 4411 214 4459 tinet
231 4413 318 4472 glossa
335 4413 351 4459 l.
366 4412 398 4458 28
418 4410 490 4459 ‘inter
507 4411 613 4460 Colchos
632 4415 657 4458 et
672 4411 788 4471 Argivos’
841 4413 872 4461 26
891 4411 993 4461 tristiiae
1010 4411 1032 4458 F
1049 4425 1104 4460 corr
1121 4409 1207 4458 Corum
