3082 4950
719 246 810 314 XLII

151 403 287 481 quanto·
300 399 344 465 sit
371 398 475 466 minor
500 401 552 466 vel
582 401 763 468 ste-tamen
792 401 889 468 fidem
904 407 1042 469 -asseret
1066 403 1108 469 iis
1135 421 1218 484 quae
1244 403 1385 486 probare

151 510 243 575 nobis
272 513 505 594 proposuimus
556 513 695 578 Primum
724 514 823 596 igitur
850 521 968 580 testem
997 514 1125 596 profero
1153 514 1383 580 Cadmidarum

150 622 278 688 fabulae
298 628 396 705 caput
411 625 431 688 2
453 624 543 688 unius
563 624 662 689 verba
681 629 725 690 ‘et
738 626 819 690 Iuno
833 645 925 691 suam
940 625 1095 691 nutritam
1117 624 1244 707 eripuit’
1266 627 1384 690 sicum

151 733 303 816 capitis3
324 733 414 799 initio
436 733 495 825 ‘lati
516 734 652 801 Phrixus
674 741 707 800 et
728 736 832 802 Helle’
860 737 1046 802 oonexneris
1067 744 1136 800 tum
1160 737 1288 801 demum
1309 754 1385 800 sen-

150 845 212 909 ties
235 846 448 911 narrationem
470 851 557 911 recte
572 847 759 913 continuari.
781 849 941 914 sccundus
963 848 1007 912 sit
1019 847 1114 913 tosta‘s
1136 865 1162 912 a
1175 847 1269 911 XXII
1290 847 1385 913 cuius

150 956 269 1021 exitum
283 959 451 1039 quominus
466 959 649 1024 etiamnunc
662 959 810 1024 suboleat
823 959 915 1024 uobis
930 960 1004 1024 olim
1018 976 1090 1023 cum
1108 958 1253 1039 sequenti
1272 958 1386 1025 fabula

152 1069 330 1134 amtissIme
352 1068 553 1149 cohaesisse,
574 1089 613 1135 eo
635 1075 760 1135 tantm
782 1069 927 1135 effectam
949 1075 1015 1148 est,
1035 1070 1122 1151 quod
1143 1068 1176 1132 in
1196 1069 1385 1136 narratione

151 1180 424 1263 compendiosiore
444 1181 604 1263 pamicula
624 1180 778 1259 (ΜΝ,
799 1186 875 1263 post
895 1181 938 1262 id,
958 1182 1044 1263 qnod
1066 1188 1118 1246 est
1139 1198 1251 1246 racia
1272 1199 1385 1246 neces·

150 1292 235 1358 sarie
255 1293 444 1373 revocanda,
466 1291 586 1358 omissa
603 1300 663 1358 est
685 1293 782 1358 tertIo
803 1293 823 1375 ξ
840 1293 902 1356 149
916 1298 950 1357 et
967 1293 1030 1358 150
1050 1292 1287 1359 reconcilianda
1308 1310 1385 1358 esso

149 1421 202 1469 res
224 1404 296 1486 i'psa
318 1404 449 1482 clamat,
478 1422 582 1486 neque
608 1405 736 1470 aliunde
764 1404 828 1470 nisi
855 1424 893 1470 ex
915 1403 1033 1469 infelici
1061 1404 1244 1470 continuam
1272 1422 1386 1469 narra-

148 1515 268 1580 tionem
285 1512 450 1579 retexendi
467 1515 631 1582 conamine
646 1516 868 1599 expdeandum
887 1517 1020 1596 videtu,
1041 1515 1126 1598 quod
1144 1515 1259 1596 capitis
1274 1514 1385 1579 CLIIB

149 1626 248 1692 verba
268 1630 371 1691 ‘omne
392 1644 494 1708 genus
515 1628 697 1693 mortalium
715 1627 845 1693 interiit’
866 1628 899 1692 iu
922 1645 947 1692 c
963 1626 1064 1692 CLIII
1080 1631 1276 1709 repetantur.
1298 1646 1384 1709 quae

150 1743 187 1804 ut
207 1738 269 1802 hoc
289 1737 360 1803 loco
380 1737 458 1802 ferri
478 1757 577 1821 posse
598 1739 783 1818 videantur,
814 1739 866 1803 vix
886 1744 994 1804 umen
1015 1739 1147 1804 tolerari
1167 1742 1321 1818 poterunt
1349 1737 1384 1802 in

151 1867 176 1914 c.
195 1849 354 1916 CLXXIV
373 1849 472 1914 verba
485 1867 504 1914 e
518 1867 545 1914 c.
560 1848 706 1915 CLXXII
720 1851 837 1915 iterata
850 1851 943 1914 haec:
965 1855 1096 1932 ‘aprum
1112 1851 1244 1912 iramam'
1258 1851 1383 1931 (mira)

150 1960 390 2044 mcynitudr'ae,
413 1963 468 2043 ccci
487 1980 601 2044 offlam
620 1962 825 2044 calydonium
843 1968 991 2024 vastaret
1014 1962 1119 2024 misit’.
1144 1960 1173 2024 si
1193 1962 1266 2043 quis
1288 1960 1385 2041 enim,

151 2071 256 2152 capite
272 2071 418 2137 CLXXII
445 2090 506 2153 ope
526 2071 671 2137 vocabuli
699 2078 845 2153 postea
869 2072 1071 2138 antecedenti
1100 2071 1229 2139 fabulae
1251 2072 1384 2138 CLXXI

151 2182 288 2261 adnexo,
309 2189 494 2264 sequentem
518 2183 708 2265 (CLXXIII)
730 2183 893 2265 aliquanto
910 2183 970 2248 sibi
992 2183 1175 2249 simiIIorem
1195 2183 1384 2263 reddiderit,

150 2297 216 2358 mm
248 2294 416 2376 expeditus
444 2294 505 2359 erit
530 2293 686 2360 transitus
717 2295 759 2358 ad
787 2313 813 2360 a
838 2294 997 2361 CLXXIV
1025 2295 1123 2360 verba
1152 2295 1245 2360 haec:
1276 2300 1383 2378 ‘quem

154 2404 325 2490 Metroon·
343 2453 350 2468 .
370 2453 376 2467 .
396 2452 402 2466 .
421 2406 611 2490 inca-sactu,
633 2411 670 2470 nt
691 2424 774 2487 quae
796 2423 836 2470 ea
856 2407 1054 2487 praecedunt
1070 2405 1225 2469 ‘Altlnea
1243 2453 1250 2467 .
1270 2454 1276 2467 .
1295 2453 1303 2468 .
1325 2427 1385 2470 na·

150 2524 256 2581 staret
270 2519 365 2581 misit’
389 2536 409 2582 a
422 2516 602 2582 fabulatore
617 2517 729 2583 addita
743 2536 816 2583 esse
831 2523 950 2599 pateat,
972 2536 1013 2581 ne
1028 2521 1175 2582 maneum
1190 2517 1260 2582 sine
1275 2517 1384 2598 capite

150 2628 269 2694 ederet.
320 2628 443 2693 Deinde
470 2647 629 2711 apparere
655 2634 734 2710 puto
760 2629 983 2694 Thebanamm
1011 2628 1191 2694 fabulamm
1216 2630 1321 2695 LXVI
1349 2633 1385 2694 et

151 2740 269 2806 LXVII
292 2739 386 2804 unius
409 2741 551 2822 corpons
573 2740 716 2805 membra
737 2759 824 2820 esse,
854 2759 988 2822 quorum
1017 2740 1050 2804 in
1072 2740 1281 2805 commissura
1301 2740 1384 2805 haec

151 2850 271 2932 scripta
293 2855 399 2916 erant:
422 2849 599 2933 ‘Oedipum
615 2854 873 2915 nominaverant.
896 2854 951 2935 qui
970 2859 1143 2935 postquam
1164 2851 1210 2914 ud
1227 2851 1384 2934 preberent

151 2970 290 3026 aetatem
306 2962 466 3046 ponente
487 2966 584 3043 atque
604 2981 697 3044 opem
719 2963 826 3044 potius
848 2962 962 3028 tulisse
983 2961 1111 3028 adflicto
1132 2980 1228 3044 quam
1249 2961 1313 3027 vim
1335 2961 1384 3026 in-

150 3073 266 3138 tulisse
292 3071 441 3138 incolumi
463 3073 586 3138 auctori
614 3073 706 3138 nobis
728 3074 872 3140 videmur
893 3091 919 3138 c
934 3074 1054 3139 LXVII
1079 3074 1165 3138 huno
1190 3073 1224 3138 in
1252 3074 1382 3139 modum

151 3185 350 3252 continuato:
373 3202 462 3247 cano
476 3192 616 3267 permoto
633 3205 703 3248 carm
725 3184 895 3269 Polynices
909 3205 1043 3270 requam
1061 3184 1102 3248 ab
1120 3184 1255 3248 Eteocle
1268 3184 1384 3268 tratre

150 3297 321 3381 repetisset
347 3302 378 3358 et
399 3296 456 3358 ille
477 3295 594 3359 cedere
616 3297 770 3360 coluisset
789 3295 939 3378 (LXIX)
965 3297 1119 3379 expellaris
1141 3295 1187 3358 cd
1203 3295 1383 3360 Adrastum

148 3410 318 3492 peruenit,
341 3416 372 3471 cl
392 3404 519 3492 Tydecca
541 3455 548 3468 .
570 3454 577 3468 .
599 3454 606 3469 .
632 3409 728 3471 cecil.
770 3409 917 3473 Adrasto
940 3416 1047 3471 aalma
1073 3405 1171 3471 Talai
1193 3452 1224 3469 ..
1245 3453 1252 3468 .
1272 3408 1383 3470 conia·

146 3522 244 3605 olam.
277 3519 365 3603 quod
380 3538 450 3582 cum
475 3520 683 3584 satellites..
704 3565 712 3582 .
736 3518 875 3583 Chloris.
897 3517 1031 3600 (LXX)
1053 3519 1160 3604 Rcyea
1181 3524 1302 3601 septem
1320 3565 1328 3579 .
1348 3564 1381 3580 ..

151 3633 268 3695 Arcas.
296 3628 483 3712 (LXVIII)
510 3632 564 3713 qui
588 3651 657 3693 mam
688 3629 813 3695 Thebas
832 3637 1062 3714 opprryaureat
1087 3677 1094 3692 .
1116 3674 1151 3691 ..
1179 3635 1253 3693 ucat
1274 3630 1382 3710 potiti.

152 3740 202 3805 Ibi
228 3739 400 3824 Capaneu
423 3790 428 3803 .
454 3787 460 3800 .
485 3787 494 3802 .
516 3741 690 3806 sedeccitrcr.

151 3852 257 3918 LXX.
274 3852 308 3915 ot
324 3871 457 3916 carnes.
478 3899 484 3913 .
503 3900 510 3913 .
532 3861 663 3936 neptus
682 3861 739 3918 est.
793 3851 916 3916 LXXI.
953 3851 999 3915 Ibi
1031 3850 1196 3915 Adrastus
1226 3849 1382 3934 herrefica'o

151 3962 275 4029 LXXI.
303 3960 476 4045 &parcens
494 4011 501 4024 .
519 4011 525 4025 .
543 4010 549 4024 .
567 3965 740 4049 iuterfece-
834 3965 908 4047 eqoi
935 3961 1095 4048 profuyit.
1126 3963 1246 4046 relc'qicl
1274 3964 1383 4044 perie-

193 4081 279 4139 runt.
833 4082 920 4138 runc.

236 4186 326 4251 Haec
346 4184 456 4263 habui,
486 4203 569 4267 quae
591 4186 631 4251 de
653 4185 755 4251 forma
776 4183 849 4250 libri
876 4190 950 4252 ante
971 4183 1117 4250 Dosithei
1138 4187 1277 4250 aetatem
1299 4183 1383 4249 arbi·

152 4298 251 4362 traria
272 4300 397 4362 mutata
419 4295 618 4362 dIssererem.
648 4316 712 4378 qua
733 4315 809 4361 vero
830 4295 955 4362 ratione
969 4296 1221 4378 mythographus
1242 4294 1306 4374 illo,
1327 4295 1384 4377 qui

152 4407 271 4489 Hygini
293 4425 407 4473 nomen
425 4406 577 4472 mentitus
593 4424 665 4473 esse
684 4408 831 4488 creditur,
853 4408 990 4473 maiores
1006 4407 1152 4489 opusculi
1173 4412 1284 4489 panes
1299 4406 1385 4473 inter
