3082 4950
677 220 736 286 111

91 373 306 456 praemonuit,
334 384 371 438 ut
393 391 500 439 arcum
523 378 555 439 et
576 373 714 456 sagittas
738 373 806 439 eius
830 374 922 438 daret
942 370 1063 454 procis,
1089 372 1201 454 utqui
1223 391 1261 437 ex
1281 373 1322 438 iis

92 504 164 551 eum
186 486 379 551 intendisset
401 504 470 550 eam
486 505 613 551 uxorem
638 487 775 552 duceret.
798 503 880 567 quae
901 503 971 550 oum
993 483 1069 550 fecit
1091 486 1176 550 inter
1198 503 1234 550 se
1256 503 1323 549 cer-

91 602 200 662 tarent
222 602 255 661 et
275 616 367 662 nemo
394 597 523 682 postselt
543 597 724 677 intendere,
753 598 913 661 Eumaeus
942 595 988 661 ait
1016 595 1182 661 deridendi
1203 595 1322 677 gratia:

91 707 270 773 ‘demus**'
295 707 383 772 *nun
405 713 570 789 pateretur
588 707 793 787 Melanthius
816 707 868 789 qui
891 705 985 772 erat*
1007 706 1192 772 *Eumaeus
1215 725 1322 772 arcum

92 820 162 885 seni
183 818 325 884 tradidit.
354 818 409 884 ille
431 838 540 883 omnes
567 838 682 900 procos
711 817 839 884 confixit
867 823 998 900 excepto
1020 818 1196 883 Melanthio
1219 819 1353 884 servob

91 930 120 996 is
145 930 225 995 clam
247 930 378 1012 procis*
399 931 620 1012 deprehensus
642 935 700 995 est.
730 930 780 994 cui
807 949 901 995 nares
925 935 958 994 et
979 929 1109 994 brachia
1131 932 1163 993 et
1184 929 1322 1011 reliquas

91 1046 202 1123 partes
233 1041 443 1106 membrorum
475 1041 654 1107 minutatim
685 1041 800 1120 secuit,
833 1044 939 1121 [atque
972 1041 1097 1105 domum
1128 1059 1218 1106 suam
1251 1059 1322 1106 cnm

93 1153 227 1234 coniuge
249 1153 372 1234 potitus
396 1157 465 1232 est]
495 1151 627 1216 ancillas
650 1157 756 1217 autem
779 1170 855 1217 suas
877 1151 972 1216 iussit
994 1169 1128 1233 corpora
1150 1170 1259 1216 eorum
1281 1153 1323 1216 ad

92 1283 181 1329 mare
212 1264 351 1345 deferre,
380 1265 413 1328 in
445 1282 525 1344 quaa
553 1268 669 1345 rogatu
690 1263 868 1344 Penelopes
899 1267 975 1344 post
1004 1264 1132 1328 caedem
1153 1281 1322 1344 prucorum

92 1375 229 1458 Ulysses
250 1374 485 1441 animadvertit.
1334 1377 1374 1441 10

535 1571 681 1638 CXXVII
702 1571 883 1654 Telegonus

178 1707 357 1791 Telegonus
372 1708 499 1789 Ulyssis
522 1713 555 1773 et
570 1708 676 1773 Circes
690 1706 775 1774 filius
791 1707 909 1772 missus
932 1726 952 1773 a
973 1711 1075 1773 matre
1097 1713 1134 1772 ut
1148 1707 1324 1789 genitorem
1377 1776 1384 1787 ,

94 1825 279 1903 quaereret,
301 1823 494 1902 tempestate
516 1819 549 1884 in
571 1820 715 1885 Ithacam
738 1826 789 1884 est
811 1818 938 1884 delatus
959 1819 1066 1900 ibique
1088 1818 1171 1885 lame
1193 1825 1323 1884 coactus

93 1950 189 2014 agros
212 1930 399 2013 depopulari
422 1931 535 2013 coepit.
579 1932 657 1997 Cum
686 1949 747 2012 quo
770 1929 904 2012 Ulysses
931 1935 964 1996 et
985 1930 1192 1995 Telemachus
1219 1931 1324 2013 ignari

94 2063 183 2109 arma
205 2043 413 2109 contulerunt.
457 2041 593 2124 Ulysses
620 2062 640 2106 a
661 2042 822 2123 Telegono
844 2041 909 2106 filio
938 2047 988 2108 est
1008 2040 1209 2123 interfectus,
1238 2043 1323 2124 quod

95 2155 124 2221 ei
146 2172 336 2236 responsum
357 2152 462 2218 fuerat
490 2159 527 2218 ut
556 2171 576 2218 a
601 2152 665 2218 filiu
694 2158 822 2218 caveret
843 2158 986 2217 mortem.
1030 2153 1130 2230 Quem
1152 2160 1322 2234 postquam
1334 2152 1374 2217 15

94 2265 242 2349 cognorit
263 2266 317 2347 qui
340 2271 440 2345 esset,
462 2264 553 2330 iussu
574 2265 739 2330 Minervae
761 2283 830 2330 cum
848 2264 1036 2330 Telemacho
1060 2268 1092 2328 et
1110 2263 1270 2345 Penelope
1290 2264 1322 2328 in

92 2377 230 2460 patriam
253 2375 425 2456 redierunt,
446 2376 479 2441 in
500 2376 638 2441 insulam
655 2378 794 2442 Aeaeam
811 2377 852 2440 ad
867 2375 977 2440 Circen
993 2374 1142 2457 Ulyssem
1164 2379 1322 2439 mortuum

93 2490 304 2571 deportarunt
324 2487 431 2568 ibique
453 2487 638 2568 sepulturae
653 2488 863 2552 tradiderunt.
907 2487 1057 2552 Eiusdem
1073 2485 1236 2551 Minervae
1256 2505 1322 2552 mu-

91 2599 363 2682 nitu'Telegonus
378 2599 561 2680 Penelopen
583 2599 791 2665 Telemachus
808 2598 918 2664 Circen
941 2599 1100 2663 duxerunt
1120 2616 1243 2663 uxores.
1268 2597 1321 2681 text

92 2711 183 2778 Circe
206 2718 239 2776 et
260 2710 448 2776 Telemacho
470 2713 566 2775 natus
588 2715 639 2775 est
660 2709 794 2775 Latinus
817 2709 869 2791 qui
897 2728 935 2775 ex
958 2727 1015 2773 suo
1038 2707 1165 2773 nomine
1186 2709 1322 2775 Latinae
1331 2708 1374 2772 20

92 2823 250 2904 †liuguae
271 2840 383 2887 nomen
401 2821 570 2903 imposuit:
593 2839 632 2886 ex
646 2821 805 2903 Penelope
822 2826 854 2886 et
868 2820 1029 2902 Telegono
1043 2825 1139 2885 natus
1156 2825 1206 2886 est
1220 2821 1323 2886 Italus

92 2933 147 3016 qui
168 2932 295 2999 Italiam
318 2950 357 2997 en
379 2950 438 2997 suo
460 2933 587 2998 nomine
608 2932 833 2998 denominavit

540 3129 702 3195 CXXVIII
723 3132 871 3211 Augures

194 3266 355 3346 Ampycus
377 3265 463 3330 Elati
484 3264 569 3331 tilius
643 3266 775 3348 Mopsus
798 3264 932 3346 Ampyci
952 3263 1036 3330 filius

194 3376 408 3458 Amphiaraus
431 3376 538 3442 Oeclei
560 3376 610 3442 vel
633 3376 791 3458 Apollinis
812 3375 898 3442 filius

91 3565 144 3598 cum
162 3548 240 3614 prodes
257 3549 353 3596 locaret
367 3556 390 3596 ct
406 3565 435 3596 cac
453 3550 566 3597 cicatrice
587 3549 695 3609 Ulyssem
712 3564 762 3596 carc
780 3550 926 3610 copaova'racl
942 3548 1014 3610 idque
1031 3549 1161 3611 Pcoclopac
1176 3553 1322 3613 renuntiare,

91 3645 212 3704 coniugem
228 3643 278 3690 dus
296 3640 388 3707 adessa!
413 3644 481 3691 aellcc
497 3645 559 3692 coni.
579 3642 604 3694 Σ
625 3642 636 3709 ss
655 3645 800 3706 penelopem
818 3645 839 3691 F
864 3659 919 3692 corr
937 3645 978 3691 ldu
998 3642 1008 3711 Η
1028 3650 1053 3692 et
1069 3659 1123 3693 eam
1141 3646 1162 3690 1⁴¹
1184 3647 1256 3693 aium
1274 3647 1322 3696 Seh

92 3742 188 3798 Tpucc
202 3738 273 3798 secat.
297 3754 350 3785 cum
367 3738 410 3786 Mu
468 3741 558 3799 opost
580 3738 746 3787 intendereF
770 3754 824 3787 corr
842 3739 898 3786 Mic
916 3738 933 3784 i.
950 3754 975 3786 m
999 3743 1064 3799 ‘post
1085 3740 1230 3790 intenderet'
1255 3758 1323 3792 error

93 3832 179 3881 Comm
231 3835 247 3880 4
268 3831 346 3896 lctshm
362 3832 418 3879 huic
433 3832 541 3879 mcudr'co
558 3832 700 3893 capeliam
717 3839 865 3893 potestatem.
889 3832 955 3892 quod
970 3831 1029 3893 cum!
1047 3838 1122 3895 suppl
1139 3836 1182 3884 Mu
1201 3834 1212 3904 ss
1234 3837 1323 3886 *iussa

91 3926 224 3993 Penelopea}
248 3928 290 3974 val
314 3925 400 3974 *iussa
420 3926 559 3991 Telemachil
578 3927 699 3975 Eumaeus
723 3929 779 3975 coni
797 3926 822 3977 Σ
875 3932 889 3977 6
909 3923 986 3993 larona
1011 3944 1063 3976 ctam
1079 3930 1184 3998 afferret}
1204 3935 1277 3994 suppl
1296 3932 1322 3984 Σ

93 4025 107 4071 'l
127 4020 196 4069 ἅοοηο
213 4037 258 4069 aaa
275 4021 332 4070 Mle.
350 4022 366 4068 i.
385 4037 409 4069 m
427 4023 519 4070 frustra
570 4024 585 4069 9
604 4024 688 4071 codem
705 4023 726 4068 I*
743 4037 799 4070 corr
817 4022 903 4069 Comm

160 4115 279 4163 CXXVII
296 4116 474 4176 Argumentum
491 4119 529 4164 ost
546 4115 604 4163 libri
620 4116 722 4164 secundi
734 4116 882 4176 Telegoniae
893 4116 1069 4174 Eugammonis
1083 4117 1244 4180 Cyrenensis,
1262 4135 1322 4180 qno·

92 4223 148 4256 cum
165 4209 274 4258 concinit
290 4210 385 4270 Hagios
397 4210 566 4270 Colophonius
582 4211 608 4257 in
624 4211 710 4259 Nostis
758 4214 787 4260 ll
807 4211 940 4258 aeacamI*
958 4226 1013 4258 corr
1030 4212 1086 4259 Mic.
1099 4213 1115 4260 i.
1127 4227 1153 4259 m
1200 4217 1231 4260 19
1250 4230 1322 4274 pene-

91 4306 174 4366 lopem
192 4305 212 4350 T
231 4303 318 4351 Comm
339 4303 349 4369 ΙΙ
369 4302 411 4371 {ccl
431 4306 472 4352 adi
489 4307 528 4351 Bu
580 4306 612 4353 20
630 4310 710 4352 terrac
726 4303 774 4352 Sch
791 4305 856 4364 pcats'
872 4306 1015 4369 Wopkens,
1034 4312 1147 4355 neutrum
1164 4309 1246 4369 placet

162 4402 194 4448 23
213 4413 314 4461 amycus
332 4400 352 4446 Ε
370 4412 484 4461 cmpycuc
503 4398 552 4447 Cch
