3082 4950
794 244 837 310 42

202 391 368 460 interfecto
390 393 521 476 Epopeo
539 395 707 477 Antiopam
729 396 867 462 vinctam
887 397 1026 462 abduxit.
1070 396 1211 489 Antiopa
1228 397 1325 463 Dirce
1343 399 1436 464 uxori

202 503 280 586 Lyci
302 505 381 570 data
402 509 493 586 [erat]
517 507 549 571 in
573 507 746 572 cruciatum
770 512 830 589 [ea]
854 508 1020 573 occasione
1043 512 1138 573 nacta
1160 507 1257 591 fugae
1282 526 1320 574 se
1343 528 1435 575 man-

202 615 300 681 davit.
329 617 458 682 devenit
481 619 523 683 ad
542 617 624 684 filios
647 637 732 684 suos.
762 619 931 701 exquibus
950 617 1087 703 Zetlhlns
1112 619 1326 687 existimans*
1351 619 1435 704 fngi-

201 725 300 791 tivam
316 747 378 793 non
395 729 522 811 recepit.
555 731 591 795 In
609 731 742 796 eundem
759 730 864 796 locum
880 731 975 797 Dirce
991 749 1050 812 per
1068 730 1309 797 bacchationem
1324 731 1436 798 Liberi

171 836 303 904 billuc*
326 839 435 905 delata
462 845 525 906 est:
557 841 602 906 ibi
625 841 798 923 Antiopam
823 847 983 937 repertam
1007 843 1049 907 ad
1074 846 1208 908 mortem
1233 842 1435 911 extrahebat.

202 950 261 1015 sed
280 950 321 1016 ab
339 951 512 1018 educatore
528 957 659 1034 pastore
678 952 899 1019 adolescentes
919 953 1070 1019 certiores
1084 952 1162 1021 facti
1178 972 1248 1020 eam
1271 973 1347 1021 csse
1366 974 1435 1021 ma-

201 1065 282 1127 trem
299 1081 391 1128 suam
405 1063 550 1130 celeriter
565 1064 729 1131 consecuti
744 1068 877 1130 matrem
892 1065 1084 1148 eripuerunt
1114 1065 1230 1132 Dircen
1245 1065 1290 1131 ad
1303 1069 1435 1132 taurum

201 1173 340 1239 crinibus
365 1174 532 1257 religatam
555 1181 680 1241 necant.
723 1177 843 1258 Lycum
865 1193 934 1242 cum
952 1176 1096 1243 occidere
1117 1176 1235 1242 vellent
1256 1177 1360 1243 vetuit
1376 1196 1434 1243 eos

199 1285 377 1353 Mercurius
399 1290 432 1351 et
454 1286 548 1354 simul
569 1286 664 1353 iussit
685 1289 806 1372 Lycum
829 1288 1153 1370 concedereregnum
1173 1289 1355 1371 Amphioni.

728 1487 774 1554 IX
794 1485 896 1584 Niobe

151 1631 191 1695 10
285 1622 443 1706 Amphion
469 1629 502 1689 et
517 1622 651 1709 Zetlhlus
666 1623 751 1688 Iovis
773 1627 805 1688 et
830 1623 983 1705 Antiopes
1001 1623 1113 1705 Nyctei
1139 1621 1196 1689 filii
1221 1622 1314 1690 iussu
1334 1625 1434 1707 Apol·

199 1734 274 1800 linis
289 1734 414 1801 Thebas
429 1754 519 1800 muro
534 1735 816 1800 circumcinxerunt
831 1753 933 1817 usque
949 1735 990 1800 ad
1006 1734 1146 1800 Semeles
1161 1733 1292 1801 bustum
1302 1736 1435 1803 Laium-

200 1864 262 1928 que
278 1845 419 1912 Labdaci
442 1846 527 1928 regis
545 1845 644 1912 filium
667 1845 847 1912 inexilium
871 1846 1040 1912 eiecerunt.
1069 1845 1132 1928 ipsi
1154 1845 1198 1912 ibi
1220 1865 1356 1929 regnum
1377 1848 1434 1914 ob

199 1957 302 2022 tinere
320 1962 499 2039 coeperunt
542 1956 700 2040 Amphion
719 1958 752 2026 in
769 1957 949 2038 coniugium
965 1957 1101 2023 Niobam
1118 1957 1246 2023 Tantali
1264 1962 1296 2023 et
1310 1959 1434 2027 Diones

200 2067 298 2133 filiam
322 2068 452 2151 accepit.
482 2089 520 2134 ex
542 2087 606 2151 qua
631 2069 810 2151 procreavit
833 2069 950 2134 liberos
976 2073 1099 2150 septem
1121 2069 1319 2151 totidemque
1339 2069 1435 2139 filias.

150 2180 302 2258 15Quem
325 2186 451 2262 partum
468 2179 570 2245 Niobe
583 2182 728 2246 Latonae
750 2181 934 2262 anteposuit
952 2179 1182 2262 superbiusque
1202 2180 1309 2247 locuta
1331 2186 1384 2247 est
1401 2181 1435 2249 in

199 2291 380 2373 Apollinem
400 2295 432 2356 et
448 2291 584 2357 Dianam
601 2293 686 2374 quod
701 2292 758 2356 illa
775 2291 918 2357 ‘cincta
931 2290 1007 2356 viri
1026 2291 1147 2356 cultu'
1165 2296 1253 2357 esset
1270 2297 1303 2357 et
1314 2294 1434 2376 Apollo

199 2409 321 2469 vestem
342 2409 364 2481 i
387 2405 535 2469 deorsum
558 2408 654 2485 atque
678 2403 810 2469 crinitus
838 2408 869 2468 et
896 2421 932 2469 se
957 2421 1088 2469 numero
1114 2401 1249 2468 filiorum
1271 2405 1435 2471 Latonam

200 2535 359 2598 superare.
383 2516 423 2580 ob
441 2515 474 2579 id
493 2515 607 2597 Apollo
625 2513 707 2581 filios
726 2514 794 2580 eius
811 2514 844 2581 in
861 2514 942 2580 silva
956 2518 1111 2580 venantes
1128 2513 1256 2597 sagittis
1272 2514 1439 2583 interfecit

200 2628 243 2709 [in
265 2631 372 2693 monte
396 2626 516 2709 Sipylo]
542 2632 575 2692 et
596 2622 702 2692 Diana
722 2625 805 2726 filias
829 2625 868 2719 ip,
886 2624 1160 2716 regiayinteremit
1185 2629 1315 2707 praeter
1339 2625 1438 2694 Oblo-

149 2739 310 2808 ibridem.
341 2743 376 2804 at
398 2737 535 2821 genitrix
558 2737 667 2804 liberis
691 2737 769 2803 orba
792 2721 897 2803 flendo
918 2735 1046 2818 lapidea
1064 2735 1152 2802 facta
1170 2755 1244 2803 csse
1263 2737 1383 2803 dicitur
1402 2739 1437 2806 in

200 2855 306 2915 monte
325 2850 446 2932 Sipylo,
469 2849 600 2931 eiusque
622 2848 718 2915 hodie
735 2847 940 2914 ‘lacrimae
960 2847 1134 2913 manare’
1155 2849 1313 2914 dicamur.
1358 2852 1437 2916 Am-

199 2960 298 3044 phion
322 2965 520 3026 autemeam
541 2959 695 3040 templum
716 2957 875 3040 Apollinis
898 2977 1082 3040 expugnare
1104 2958 1201 3027 vellet
1225 2959 1266 3026 ab
1281 2960 1437 3049 Apolline

200 3071 328 3154 sagittis
350 3076 401 3138 est
421 3069 616 3136 interfectus.
1099 3064 1103 3073 '

722 3267 753 3332 X
773 3265 899 3337 Chloris

245 3418 248 3424 ⁴
285 3405 409 3473 Chloris
425 3405 544 3471 Niobes
563 3409 596 3469 et
612 3403 798 3486 Amphionis
814 3402 894 3482 filia,
918 3420 1000 3484 quae
1018 3420 1057 3467 ex
1071 3405 1195 3483 septem
1210 3409 1435 3483 superaverat
1455 3470 1460 3477 ,

149 3517 281 3589 25hanc
304 3517 416 3584 babuit
438 3516 472 3581 in
499 3516 664 3598 coniugem
687 3516 805 3581 Neleus
829 3512 1061 3596 Hippocoontis
1083 3511 1177 3578 filius
1210 3532 1249 3578 ex
1270 3532 1336 3596 qua
1359 3535 1435 3598 pro

200 3628 319 3696 creavit
334 3629 453 3695 liberos
470 3627 629 3693 masculos
646 3627 716 3692 XII.
758 3624 913 3692 Hercules
937 3643 1007 3690 cum
1023 3624 1136 3708 Pylum
1155 3631 1355 3708 expugnaret
1370 3626 1436 3699 Ne·

202 3866 214 3910 1
239 3862 335 3923 epapho
359 3862 380 3908 N
405 3876 459 3909 corr
476 3861 526 3908 Mic
545 3857 556 3928 ΙΙ
577 3860 717 3908 adduxitF
741 3874 803 3907 corr.
823 3857 872 3906 Sch
892 3854 902 3924 ss
924 3857 990 3905 dirce
1007 3858 1028 3904 N
1046 3859 1106 3918 (non
1132 3856 1234 3919 ‘dirca‚’)
1259 3859 1291 3906 cl.
1308 3859 1433 3911 Mareia

199 3955 293 4017 Gapell.
311 3956 349 4004 111
366 3957 442 4017 §291
461 3957 529 4004 Neue
546 3956 669 4004 Formenl.
688 3955 756 4014 pdb.
772 3955 804 4001 64
851 3957 865 4002 3
884 3954 998 4000 lacunam
1015 3951 1136 4000 indicavit
1152 3950 1291 4001 ORlbbeck
1336 3955 1353 4003 d
1372 3956 1434 4005 illuc

198 4051 220 4098 F
236 4057 293 4098 tanc
309 4051 398 4097 Nauck
413 4048 570 4117 rNacleaceate
586 4046 631 4113 dial
650 4047 675 4098 Σ

269 4145 300 4193 10
318 4144 445 4204 Antiopes
468 4144 607 4204 genetivum
624 4148 681 4204 post
699 4141 816 4190 Ovidium
834 4143 990 4202 arripuerunt
1007 4145 1107 4201 poetae:
1129 4142 1198 4189 Neue
1215 4140 1341 4191 Formenl.
1360 4159 1386 4206 p.
1399 4147 1432 4195 61

201 4237 279 4306 Wiael
290 4239 343 4300 filii
359 4240 415 4286 coni
432 4237 457 4288 Σ
502 4242 532 4286 11
551 4237 750 4287 semedustumN
769 4251 824 4284 corr
835 4235 883 4284 Sch
931 4237 962 4283 13
980 4234 1095 4282 dioneiN
1113 4249 1167 4282 corr
1180 4234 1229 4282 Soh
1274 4238 1306 4284 18
1324 4238 1433 4299 sylva?

202 4337 234 4385 20
252 4335 362 4397 genetrix
379 4334 465 4382 Comm
517 4336 548 4380 21
567 4333 708 4392 lachrymae
725 4332 746 4377 N
766 4326 776 4397 11
795 4345 894 4378 manera
911 4331 932 4376 F
950 4345 1005 4378 oorr
1022 4329 1117 4377 'l'ollius

270 4432 302 4478 24
320 4430 346 4482 ip
363 4428 425 4477 urba
443 4425 529 4477 setin
547 4425 642 4474 ‘Niobea
659 4427 689 4473 ιε’
703 4424 837 4474 Salmasius
873 4425 904 4472 25
923 4425 949 4473 in
967 4424 1103 4486 coniugam]
1121 4423 1153 4472 cf.
1169 4422 1301 4473 LXXXIV
1319 4424 1356 4474 ‘in
1372 4440 1433 4477 uxo·
