3082 4950
708 260 818 331 XLIII

148 434 185 485 se
215 417 414 501 conciderit,
444 438 464 486 a
492 417 657 502 praesenti
687 418 759 484 libri
790 415 975 483 condicione
1005 416 1144 501 perspici
1172 434 1234 484 non
1264 418 1381 498 potest
1474 460 1477 465 -

147 548 223 594 nam
244 548 327 611 quae
356 533 442 613 apud
463 528 693 614 Apollodorum
715 527 993 612 frequentissimae
1021 533 1097 595 aunt
1117 528 1318 595 transitionis
1340 528 1381 594 ab

147 657 214 705 una
233 646 327 721 purte
355 642 398 707 ad
419 641 555 707 alteram
574 641 681 708 iactae
708 640 864 706 formulae
894 637 1024 727 (ἐπειδὴ
1051 637 1152 706 113τὸ
1178 642 1236 704 τοῦ
1258 643 1381 705 Accau-

147 746 266 828 llovog
283 748 557 838 διεξεληλύθαμεν
572 750 665 838 γένος
682 750 841 838 ἐχομένως
867 748 1010 836 λέγωμεν
1030 748 1068 815 τὸ
1087 743 1210 831 Ἰνάχου
1226 751 1277 816 vel
1297 743 1381 816 ἀλλὰ

148 860 228 948 περὶ
243 861 303 947 μὲν
318 858 441 929 τούτων
454 861 549 949 μέχρι
566 866 625 929 τοῦ
640 863 733 951 δεῦρο
749 860 826 952 ἡμῖν
842 860 998 943 λελέχθω.
1028 859 1228 948 Προμηθεὺς
1244 859 1281 926 δὲ
1296 861 1380 942 sim.)

147 975 208 1040 has
229 975 276 1040 uti
298 974 463 1057 probabile
484 980 536 1041 est
556 973 590 1041 in
611 975 692 1042 libro
714 975 852 1058 genuino
882 993 945 1039 non
968 971 1108 1039 defuisse
1136 973 1184 1038 ita
1209 971 1382 1038 fabulatori

148 1085 342 1152 narrationis
364 1105 447 1151 nexu
469 1086 575 1152 soluto
598 1086 782 1154 abiciendas
804 1085 905 1152 fuisse
926 1089 1045 1151 cerbmr
1067 1089 1127 1150 est

235 1197 325 1262 Haec
345 1196 443 1263 habui
463 1216 546 1279 quac
568 1200 609 1265 de
622 1197 740 1282 Hygini
762 1197 844 1263 libro
858 1196 1037 1263 fabularum
1052 1194 1225 1278 praefarer.
1266 1195 1383 1260 Restat

148 1313 186 1373 ut
208 1326 316 1374 eamn
338 1307 512 1375 indiculum
533 1309 724 1392 subiungam
741 1308 853 1389 ordini,
876 1326 969 1390 quem
988 1307 1159 1390 genuinum
1179 1303 1282 1372 fuisse
1299 1304 1382 1370 arbi-

148 1426 288 1502 tramur,
310 1421 595 1487 accommodatum:

592 1566 597 1579 ,
689 1581 691 1585 .
790 1532 833 1596 20
855 1529 982 1596 Sirenes

433 1617 450 1682 Ῑ
604 1652 608 1667 ’
790 1644 830 1708 21
854 1639 1027 1712 Pandora

149 1755 201 1820 Ex
224 1752 367 1834 Caligine
383 1753 487 1819 Chaos
509 1801 568 1818 ...
591 1758 624 1820 et
641 1754 739 1820 draco
791 1756 834 1820 22
855 1753 1066 1820 Prometheus

193 1865 408 1947 Hesperidum
790 1865 832 1930 23
855 1866 1041 1930 Phoroncus

174 1979 192 2040 1
214 1974 301 2041 Iovis
322 1974 381 2041 filii
792 1977 834 2042 24
855 1976 965 2042 Niobe.
994 1977 1031 2041 Io

172 2088 194 2152 2
216 2087 300 2153 Solis
321 2085 378 2152 filii

171 2199 194 2264 3
214 2197 356 2281 Neptuni
376 2195 434 2262 filii

171 2311 195 2375 4
216 2307 353 2375 Uulcani
373 2307 431 2374 filii

174 2420 196 2486 5
216 2418 331 2486 Martis
352 2417 410 2485 filii

175 2532 197 2597 6
217 2529 367 2596 Mercurii
386 2529 443 2596 filii

174 2643 193 2708 t
216 2641 373 2724 Apollinis
395 2641 452 2708 filii
514 2648 517 2655 '

173 2754 194 2819 8
215 2751 363 2820 Hercuhs
385 2752 441 2819 filii

174 2866 195 2930 9
217 2867 396 2932 Amazones

429 3065 463 3128 Π
509 3034 512 3039 .

154 3201 196 3265 10
216 3199 396 3269 Pumraa
476 3261 478 3265 .

153 3312 192 3376 11
216 3310 348 3377 Curetes

155 3423 196 3488 12
217 3421 344 3503 Python

154 3533 196 3599 13
217 3532 364 3599 Athenae

358 3643 528 3726 [Orpheus]

359 3754 510 3836 [Myrrha]

154 3868 196 3932 14
217 3867 364 3950 Marsyas

154 3979 194 4045 15
215 3978 441 4044 Erichthonius

240 4091 280 4155 16
302 4089 397 4155 Liber

154 4203 193 4268 17
217 4200 411 4283 Proserpina

154 4315 194 4380 18
217 4312 405 4395 Triptolemi
427 4331 538 4378 curras

156 4425 195 4489 19
217 4423 390 4488 Uulcanus.
416 4423 592 4489 Harmonia

791 2088 834 2155 25
855 2087 1010 2170 Epaphus

791 2201 834 2265 26
856 2197 1098 2264 litanomachia

877 2311 919 2375 27
942 2327 982 2374 ex
1001 2310 1155 2391 Typhone
1184 2311 1217 2372 et
1238 2306 1384 2372 Echidna

989 2419 1088 2502 geniti
1243 2448 1246 2453 ·

876 2532 940 2598 28Α
961 2530 1094 2614 Typhon

791 2646 855 2711 28Β
877 2641 1044 2708 Phaethon

792 2757 834 2821 29
856 2753 1032 2820 Deucalion
1055 2756 1089 2818 et
1110 2751 1234 2834 Pyrrha

876 2867 920 2932 30
940 2864 1116 2930 Phaethon.
1147 2862 1301 2931 Heliades

793 2981 833 3045 31
858 2975 1015 3048 Althaea

794 3090 836 3156 32
857 3090 986 3154 Oeneus

758 3294 761 3298 Ι
794 3202 835 3267 33
858 3198 912 3283 qui
951 3198 993 3265 ad
1035 3217 1147 3282 aprum
1182 3197 1383 3280 calydonium

899 3311 1006 3376 icrunt

794 3424 837 3488 34
858 3421 1021 3504 Meleager

795 3534 836 3600 35
858 3531 976 3616 Agrius

792 3647 836 3712 36
857 3646 1002 3727 Ilycaon

793 3758 834 3822 37
858 3754 992 3823 Callisto
1052 3758 1055 3764 ’

793 3869 835 3933 38
856 3868 1009 3936 Danaus

794 3981 835 4045 39
858 3982 1033 4061 Amymone

991 4089 1188 4171 [Amymone]

794 4202 837 4266 40
858 4198 944 4266 filiae
965 4198 1071 4265 Danai
1098 4218 1180 4282 quae
1202 4217 1283 4282 quos
1305 4197 1386 4264 occi-

902 4311 1018 4377 derunt

795 4425 836 4487 41
864 4423 1003 4504 Europe
