3082 4950
295 1361 445 1452 Μαξίμῳ
461 1363 518 1432 καί
534 1361 660 1452 ’Ἀπρῳ
678 1361 818 1443 ὑπάτοις
835 1364 901 1453 πρδ
916 1360 944 1450 γ’
961 1361 1056 1430 εἰδῶν
1072 1361 1442 1454 ΣεπτεμβρίωνὙγίνου

209 1474 413 1563 γενεαλογίαν
429 1481 533 1544 πᾶσιν
548 1475 691 1565 γνωστην
705 1475 907 1565 μετέγραψα,
930 1474 964 1542 έν
980 1468 1001 1566 ᾗ
1019 1471 1148 1543 έσονται
1174 1474 1323 1556 πλείονες
1347 1475 1441 1547 ἱστο-

210 1585 279 1675 ρίαι
301 1586 564 1675 διερμηνευμέναι
579 1587 614 1655 ἕν
628 1585 734 1676 τούτῳ
748 1589 795 1678 τῷ
811 1585 948 1674 βιβλίῳ·
970 1586 1059 1654 θεῶν
1073 1586 1134 1676 γδρ
1156 1585 1212 1653 καί
1233 1582 1343 1654 θεάων
1361 1584 1440 1657 ὀνό-

106 1776 109 1781 ,
208 1724 297 1786 ματα
329 1699 362 1766 έν
390 1700 527 1789 δευτέρῳ
556 1699 792 1785 ε’ξεπλέξαμεν·
827 1693 911 1766 ἀλλὰ
938 1697 997 1765 ε’πί
1025 1693 1128 1785 τούτῳ
1156 1695 1285 1765 έσονται
1314 1698 1441 1768 τούτων

209 1808 382 1900 ἐξηγήσεις,
399 1809 429 1879 εἰ
443 1810 499 1877 καί
515 1811 560 1900 μὴ
574 1816 690 1894 πᾶσαι,
707 1807 829 1878 τούτων
843 1808 999 1896 μέντοιγε,
1019 1801 1063 1875 ὧν
1079 1807 1114 1876 ἐν
1126 1806 1270 1896 τοσούτῳ
1289 1807 1441 1898 δύναμαι.

209 1921 388 2011 Ζωγραφία
401 1927 571 2011 τοιγαροῦν
584 1920 698 1989 τούτου
713 1922 770 1989 τοῖν
784 1919 891 1988 κόπου
909 1920 1050 2000 πολλοῖς
1064 1917 1183 1999 τόποις
1201 1918 1338 1989 δίδωσιν
1351 1949 1441 2014 μαρ-

208 2031 334 2122 τυρίαν·
365 2027 449 2100 δλλδ
480 2033 536 2100 καὶ
565 2030 597 2100 οὶ
618 2031 838 2121 γραμματικοί
867 2030 979 2120 τέχνης
1001 2028 1120 2117 ταύτης
1149 2025 1186 2098 ού
1208 2029 1309 2117 μόνον
1338 2032 1443 2102 ε’παι-

208 2149 318 2212 νοῦσιν
336 2147 340 2232 λ
358 2145 415 2234 τὴν
436 2140 580 2235 εὐφυίαν,
603 2139 760 2212 ἀλλὰκαὶ
780 2149 933 2234 χρῶνται.
974 2147 1092 2210 Μῦδω
1115 2143 1176 2230 μέν
1196 2147 1260 2209 τῶν
1276 2138 1444 2233 ὀρχηστῶν

208 2253 304 2325 ἔνθεν
326 2254 548 2343 λαμβάνουσιν
577 2253 725 2339 έπαινον,
757 2255 813 2322 καί
834 2259 1151 2345 μαρτυροποιοῦνται
1181 2254 1215 2322 έν
1242 2256 1282 2343 τῇ
1311 2251 1442 2347 ὀρχήσει

207 2363 347 2457 ἀληθινοὶ
370 2368 412 2436 τδι
434 2367 648 2458 γεγραμμένα.
683 2363 756 2435 Ἵνα
778 2368 816 2436 δέ
836 2361 977 2446 εὐκόλως
997 2363 1090 2458 εύρης
1110 2363 1181 2447 ἓνδς
1203 2362 1342 2435 ἑκάστου
1362 2367 1453 2460 έξή-,

207 2503 360 2570 γησιν*,,,
383 2482 515 2570 πρῶτον
537 2475 592 2548 ούν
614 2476 749 2548 πόντων

294 2598 440 2661 Μουσῶν
462 2590 552 2660 ἐννέα
575 2586 720 2680 ὀνόματα
737 2591 795 2659 καί
815 2589 929 2673 τέχνας
944 2587 999 2656 καί
1014 2586 1112 2656 τέκνα
1129 2587 1185 2655 καί
1199 2579 1252 2669 οἷς
1270 2586 1437 2679 ε’μίγησαν,

208 2703 265 2772 καί
285 2710 373 2773 θεῶν
395 2702 439 2791 ηδ’
461 2698 613 2792 ὀνόματα,
849 2700 927 2791 περὶ
948 2696 1140 2788 δρακόντιον,

208 2815 264 2883 καί
286 2813 373 2883 ἔπτὰ
396 2813 531 2899 ζωδίων,
848 2811 926 2902 περὶ
949 2811 1034 2890 Διὸς
1054 2805 1237 2900 καὶἯρας,

207 2927 264 2995 καί
286 2922 432 3018 ἀστέρων
454 2927 534 2995 δέκα
555 2923 621 3010 δύο,
848 2923 927 3011 περὶ
943 2917 1086 3006 Ἰξίονος,

209 3040 287 3130 περὶ
308 3037 526 3129 Προμηθέως,
849 3034 927 3125 περί
948 3030 1100 3123 Μηδείας

207 3149 285 3241 περὶ
302 3145 503 3241 Ἀφροδίτης
523 3143 796 3239 *[καί”Αρεος]*,
849 3144 927 3235 περί
948 3142 1089 3227 Αἰόλου,

206 3261 286 3350 περί
303 3257 453 3351 Ἀθηνᾶς
473 3261 529 3328 καί
552 3260 771 3342 Ποσειδῶνος,
803 3250 806 3260 ’
849 3257 926 3346 περί
948 3253 1183 3345 Μελανίππης,

102 3394 106 3405 ·
207 3373 284 3464 περὶ
302 3369 503 3457 Ἀκταίονος,
848 3368 926 3459 περὶ
948 3365 1075 3458 Λήδας,

207 3486 288 3575 περὶ
309 3482 489 3568 Δαιδάλου,
849 3480 926 3570 περὶ
943 3475 1129 3561 Ἀλκύονος,

207 3597 286 3687 περί
308 3592 524 3676 ’Λπόλλωνος
552 3593 610 3662 καὶ
640 3590 797 3662 Κασσύν-
849 3592 928 3683 περὶ
944 3587 1107 3679 Ἀγχίσου,

250 3710 340 3798 δρας,
848 3704 928 3794 περὶ
954 3704 1038 3783 Διδς
1060 3701 1225 3794 ἐκτροφῆς,

208 3819 286 3909 περὶ
311 3815 487 3901 Ταντάλου,
850 3814 928 3906 περὶ
949 3811 1118 3904 Μαρσύου,

209 3931 287 4022 περὶ
312 3927 466 4019 Φιλύρας,
850 3926 927 4017 περὶ
953 3922 1174 4014 Μινωταύρου,

209 4042 287 4133 περί
304 4038 495 4125 Ὀδυσσέως,
849 4022 929 4128 περὶ
950 4035 1041 4121 Διός,

209 4154 288 4243 περὶ
310 4148 627 4242 ἄνθρωποπλασίας,
849 4150 928 4240 περὶ
949 4147 1063 4218 ὅπλων
1083 4146 1230 4239 κρίσεως,

209 4265 286 4356 περὶ
306 4264 544 4351 κατακλυσμοῦ,
569 4263 611 4353 ΙΙλ
851 4261 928 4352 περί
946 4257 1080 4350 Ἄργου,

209 4376 287 4465 περὶ
308 4374 476 4459 Πενθέως,
850 4372 929 4462 περὶ
949 4377 1066 4455 τεχνῶν
1088 4368 1252 4462 εύρέσεως.
