3082 4950
676 211 719 276 49

166 365 247 430 Item
275 367 480 429 accesserunt
501 384 539 430 ex
560 363 667 430 insula
687 363 766 429 Aria
787 363 896 428 Phrixi
918 368 951 428 et
973 362 1160 446 Chalciopes
1182 364 1315 430 Medeae

82 475 201 541 sororis
230 473 287 540 filii
309 477 415 557 Argus
438 474 540 541 Melas
562 475 711 540 Phrontis
733 473 907 556 Cytisorus,
938 478 996 555 [ut]
1027 474 1081 540 alii
1108 475 1199 540 aium
1220 476 1315 557 [voci-
1374 512 1376 517 ·

81 591 167 653 tutos
190 587 358 667 Phronius]
381 587 555 652 Demoleon
576 586 752 668 Autolycus
775 584 937 667 Phlogius.
960 604 1041 667 quos
1062 586 1218 653 Hercules
1245 606 1314 653 cum

82 698 247 765 eduxisset
267 697 434 763 habitmus
453 697 599 777 comites,
622 698 697 762 dum
716 695 943 781 Amazonliy'um
959 697 1100 764 balteum
1116 699 1213 779 petit,
1242 697 1315 764 reli·

82 810 151 892 quit
169 814 291 874 terrore
312 810 477 892 perculsos
500 827 521 873 a
541 808 679 890 Dascylo
702 809 785 890 †qui
808 808 893 891 regis
916 809 1117 875 Mansuaden
1137 808 1212 876 filia.
1324 817 1345 882 5

167 921 208 986 Hi
226 926 332 986 autem
356 939 427 986 cum
448 920 568 986 exirent
591 918 634 984 ad
651 917 784 986 colchos
803 919 973 986 Herculem
998 921 1110 985 ducem
1132 921 1238 988 faeere
1262 942 1316 987 vo-

81 1032 218 1097 luerunt.
247 1031 302 1097 ille
323 1031 451 1112 abnuit,
483 1032 541 1098 sed
557 1031 664 1114 potius
683 1033 832 1097 Iasonem
849 1030 919 1097 fieri
942 1035 1090 1113 oportere
1107 1032 1197 1099 cuius
1217 1053 1316 1115 opera

83 1143 206 1209 exirent
227 1162 345 1210 omnes.
377 1144 442 1210 dux
465 1163 541 1226 ergo
560 1144 657 1209 Iason
681 1143 838 1226 regnavit.
867 1142 958 1208 faber
978 1144 1083 1225 Argus
1098 1143 1203 1210 Danai
1221 1141 1316 1228 filius,

84 1254 286 1339 lgubernator
301 1254 428 1341 Tiphys]
454 1255 543 1321 cuius
565 1261 641 1337 post
667 1259 800 1319 mortem
825 1254 907 1320 rexit
926 1272 1039 1319 navem
1063 1254 1211 1322 Ancaeus
1230 1258 1316 1341 Nep·

82 1367 153 1432 tuni
176 1365 271 1433 filius.
302 1371 433 1449 proreta
456 1367 619 1448 navigavit
641 1367 788 1448 Lynceus
812 1365 954 1448 Apharei
979 1364 1080 1446 filius,
1110 1367 1163 1448 qui
1183 1367 1317 1434 multum
1327 1375 1368 1439 10

82 1478 221 1543 uidebat
243 1477 426 1543 toecharchi
441 1481 547 1543 autem
559 1477 689 1542 fuerunt
706 1478 799 1542 Zetes
818 1481 849 1541 et
866 1475 972 1542 Calais
994 1477 1160 1558 Aquilonis
1182 1479 1240 1545 filii
1263 1481 1318 1563 qui

81 1607 204 1672 pennas
221 1594 254 1655 et
269 1589 302 1653 in
319 1588 424 1672 capite
448 1593 481 1654 et
501 1589 534 1653 in
553 1587 690 1671 pedibus
712 1587 901 1653 hahuerunt.
934 1588 988 1668 [ad
1006 1608 1135 1671 proram
1158 1595 1191 1656 et
1211 1610 1316 1658 remos

84 1700 237 1766 sederunt
259 1699 374 1766 Peleus
389 1704 433 1765 'et
451 1699 672 1780 T[h]elamon.]
703 1700 745 1764 ad
769 1698 907 1781 pitulum
928 1701 1082 1766 sederunt
1105 1689 1259 1769 Hercules
1286 1709 1319 1769 et

83 1812 168 1878 Idas.
198 1817 274 1894 post
298 1810 409 1877 relicto
433 1810 495 1891 [ab]
514 1809 652 1876 Hercule
674 1811 744 1876 loco
770 1810 839 1876 eius
865 1810 950 1877 sedit
970 1810 1085 1877 Peleus
1104 1813 1199 1879 Aeaci
1224 1812 1318 1880 filius.

84 1923 183 1990 ceteri
212 1922 355 1989 ordinem
386 1927 604 1988 servaverunt.
634 1922 775 1988 celeuma
804 1922 884 1987 dixit
911 1923 1057 2005 Orpheus
1080 1925 1198 2006 Oeagri
1224 1924 1318 1993 filius.
1329 1932 1370 1999 15

169 2035 258 2100 Haec
287 2039 337 2099 est
366 2033 457 2099 navis
487 2035 573 2115 Argo
604 2053 699 2116 quam
728 2034 873 2100 Minerva
900 2033 934 2099 in
965 2034 1136 2101 sideralem
1167 2034 1319 2103 circulum

83 2147 195 2213 retulit
211 2146 251 2212 ob
268 2146 327 2211 hoc
343 2146 427 2227 quod
447 2144 488 2211 ab
507 2163 542 2210 se
559 2148 647 2210 esset
665 2144 833 2211 aedificata
849 2163 887 2213 ec
907 2146 1044 2228 primum
1060 2146 1093 2212 in
1109 2145 1244 2230 pelagus
1263 2149 1319 2215 de·

85 2258 191 2324 ducta.
234 2257 296 2323 Est
313 2256 393 2322 haec
408 2256 499 2322 navis
513 2257 547 2323 in
567 2257 664 2323 astris
683 2275 843 2339 apparens
865 2257 1116 2338 agubernaculo
1139 2259 1181 2324 ed
1203 2259 1319 2343 uelum,

85 2368 174 2434 euius
198 2367 335 2450 speciem
359 2387 397 2435 ac
420 2368 554 2435 formum
580 2368 689 2435 Oicero
702 2368 747 2455 in
772 2369 999 2450 phoenomenis
1024 2369 1154 2452 exponit
1174 2369 1225 2437 bis
1250 2390 1319 2437 ver-

86 2480 191 2546 sibus:
1326 2491 1369 2556 20

213 2596 248 2657 at
269 2589 357 2656 canis
379 2592 420 2655 ad
442 2591 576 2657 caudam
598 2610 731 2674 serpens
753 2589 951 2673 praelabitur
971 2593 1058 2674 Argo

214 2720 399 2768 conversam
420 2720 499 2784 prae
520 2720 557 2768 se
578 2707 712 2784 portans
735 2720 807 2768 cum
827 2701 946 2769 lumine
967 2703 1109 2786 puppim,

214 2832 278 2880 non
300 2812 383 2879 aliae
405 2830 504 2879 noves
526 2818 562 2880 ut
583 2814 616 2879 in
637 2813 702 2880 alto
724 2832 845 2897 ponere
867 2832 981 2896 proras

215 2929 290 2990 ante
312 2924 416 2990 solent
438 2926 552 2992 rostris
574 2925 729 3008 neptunia
749 2930 844 3007 prate
866 2930 1022 2992 secantes.

215 3036 298 3102 sicut
318 3055 389 3102 cum
412 3041 562 3121 coeptant
582 3042 671 3103 tutos
694 3037 879 3119 contingere
900 3042 1013 3119 portus

216 3148 387 3214 obvertunt
408 3168 521 3214 navem
541 3168 657 3232 magno
679 3166 750 3213 cum
772 3148 913 3229 pondere
935 3154 1053 3214 nautae

216 3260 471 3341 aldhersamque
492 3259 624 3325 trabunt
646 3263 758 3341 optata
779 3260 821 3324 ad
843 3259 938 3324 litora
958 3259 1101 3342 puppim,

189 3440 192 3451 ,
216 3370 262 3436 sio
285 3389 439 3437 conversa
459 3376 552 3437 uetus
574 3388 672 3452 super
693 3369 826 3436 aethera
847 3369 966 3436 labitur
986 3373 1084 3454 Argo.

159 3635 172 3680 1
192 3632 271 3680 dial*
297 3646 351 3680 corr
369 3629 394 3680 Σ
415 3628 425 3698 Η
446 3630 570 3678 medeoF
595 3643 650 3677 corr
667 3630 710 3676 ldu
763 3628 945 3678 aPhromides
963 3628 1128 3691 cylindrusF
1152 3630 1245 3678 corrB
1265 3627 1276 3697 ss
1294 3637 1322 3679 at

90 3726 120 3774 ei.
137 3725 186 3774 Seh
238 3726 376 3774 bDe‘rleon
394 3726 424 3774 ci.
443 3725 487 3772 Mu
538 3727 553 3773 4
578 3724 763 3772 amazonumh*
788 3739 843 3772 corr
860 3724 903 3770 Mu
955 3719 1056 3789 b‘[qui]
1081 3723 1146 3784 ragis
1164 3724 1321 3786 Mariandyni

89 3819 149 3868 filio’
166 3818 225 3870 Mic.
243 3821 261 3866 i.
280 3836 305 3867 m
358 3819 535 3879 apodemocor
553 3818 644 3880 Zb'pbyo
664 3819 722 3866 add.
741 3819 784 3865 Mu
837 3822 866 3867 il
886 3818 993 3866 tutarehi
1010 3818 1031 3865 P
1048 3820 1142 3866 oorrB
1196 3823 1226 3869 13
1243 3820 1321 3867 thela-

90 3928 148 3962 mon
166 3916 187 3962 F
239 3917 271 3962 14
290 3919 355 3976 ‘post
437 3914 505 3961 ueaci
522 3913 595 3963 fllius’
612 3914 638 3961 in
656 3915 677 3960 F
700 3913 825 3973 excipiunt
847 3912 924 3961 verba
941 3911 1040 3972 ‘Oeagri
1056 3912 1129 3962 filius’
1147 3914 1201 3961 hei.
1219 3915 1240 3960 B
1260 3909 1271 3980 ΙΙ
1292 3927 1320 3961 eo

90 4009 124 4058 ab
141 4008 205 4056 mim
225 4007 256 4056 ab
276 4004 323 4074 {ciel
340 4008 484 4057 Perizonius
501 4009 567 4056 male
603 4011 634 4057 15
652 4012 709 4069 post
725 4008 750 4054 h.
762 4023 786 4054 v.
805 4008 922 4055 collocari
956 4009 1195 4070 sp.4s-5p.4a
1213 4005 1321 4057 melich]

160 4104 192 4151 17
203 4102 288 4164 prima
306 4103 335 4150 oi.
353 4102 396 4150 Mu
439 4104 469 4150 21
484 4101 623 4162 prolabitur
640 4102 683 4151 Cic
730 4105 762 4152 24
779 4109 857 4149 rostro
876 4101 920 4148 Cic
938 4097 949 4168 fl
968 4106 1025 4162 post
1041 4100 1176 4165 ‘secantes'l
1194 4103 1247 4151 ‘sad
1264 4115 1321 4150 con·

91 4211 165 4246 versa
181 4203 246 4245 retro
265 4197 327 4244 coeli
345 4211 372 4245 se
388 4210 433 4258 per
449 4197 505 4244 loca
529 4196 618 4257 portat’
636 4196 680 4246 Cic
732 4199 763 4245 27
781 4210 937 4255 aoammque
955 4195 1056 4245 Grotius
1107 4199 1140 4245 28
1163 4196 1264 4244 omar
1278 4195 1323 4245 cie

93 4289 173 4358 {lpost
189 4288 281 4357 ιΑιιςοἸ
299 4293 382 4351 ‘atque
394 4304 471 4351 usqua
489 4306 504 4338 a
521 4306 595 4351 prora
612 4292 644 4339 ad
656 4292 749 4340 celsum
761 4292 815 4340 sine
832 4291 924 4338 lumine
936 4292 1037 4356 malum,
1055 4307 1070 4339 a
1086 4293 1151 4340 melo
1169 4293 1202 4339 od
1219 4292 1322 4353 puppim

144 4384 172 4425 ld.
186 4383 285 4431 Schmidt,
299 4384 372 4431 Hygini
386 4382 472 4424 Fabulae
1098 4391 1117 4445 4
