3082 4950
685 213 748 281 105

591 405 708 521 CXXII
732 455 842 521 Aletes

184 591 235 655 Ad
263 590 424 656 Electram
447 591 693 673 Agamemnonis
723 596 755 657 et
783 591 1035 673 clytemnestrae
1061 588 1159 655 fillam
1188 606 1330 653 sororem

99 702 224 767 Orestis
244 703 374 768 nuntius
390 702 493 768 falsus
508 704 596 769 venit
610 703 741 768 fratrem
758 720 828 768 cum
844 701 964 784 Pylade
979 701 1011 766 in
1027 699 1193 767 Tauricis*
1208 700 1331 766 Dianae

99 830 173 878 esse
201 813 391 879 immolatos.
423 814 458 879 id
478 814 590 881 Aletes
612 806 764 897 Aegisthi
789 813 874 878 filius
904 831 975 878 cum
1003 813 1155 879 rescisset
1181 831 1219 877 ex
1247 810 1332 875 Atri-

99 925 212 990 darum
235 944 352 1008 genere
366 926 523 991 neminem
541 945 721 1009 superesse,
743 944 876 1008 regnum
890 924 1032 1006 Mycenis
1052 924 1196 1006 optinere
1218 921 1331 1003 coepit

99 1042 133 1102 at
154 1035 285 1102 Electra
312 1037 353 1102 de
373 1038 482 1105 fratris
506 1056 584 1104 nece
605 1038 747 1120 Delphos
770 1036 967 1102 sciscitatum
993 1040 1044 1101 est
1064 1033 1217 1117 profecta.
1261 1026 1360 1110 Quod

99 1166 170 1212 cum
200 1148 356 1231 venisset,
388 1152 499 1217 eodem
530 1149 582 1216 die
610 1149 778 1232 Iphigenia
808 1166 879 1215 cum
909 1149 1024 1214 Oreste
1051 1146 1139 1212 venit
1168 1165 1215 1211 eo.
1245 1144 1332 1210 idem

98 1259 247 1341 nuntius,
280 1260 334 1342 qui
365 1262 406 1326 de
436 1262 551 1328 Oreste
583 1261 723 1342 dixerat,
756 1260 837 1326 dixit
866 1258 1065 1342 Iphigeniam
1094 1257 1204 1324 fratris
1234 1255 1332 1322 inter·

98 1369 261 1437 lectricem
284 1391 366 1438 esse.
409 1372 539 1439 Electra
560 1373 615 1438 ubi
637 1372 759 1438 audivit
780 1372 827 1451 id,
858 1375 1005 1436 truncum
1027 1369 1193 1435 ardentem
1215 1387 1254 1432 ex
1276 1383 1333 1431 ara

98 1482 230 1549 sustulit
251 1483 415 1565 voluitque
437 1485 539 1550 inscie
561 1485 662 1550 sorori
684 1468 870 1567 Iphigeniae
894 1482 1001 1547 oculos
1024 1500 1148 1563 eruere,
1170 1480 1232 1546 nisi
1254 1481 1332 1545 Ore-

98 1598 166 1660 stes
195 1575 431 1661 interuenissct.
476 1595 663 1679 Cognitione
691 1596 799 1678 itaque
825 1594 912 1659 iacta
933 1594 1086 1675 Mycenas
1115 1597 1270 1659 venerunt
1299 1590 1382 1658 1110

97 1704 211 1770 Aleten
234 1705 380 1788 Aegisthi
407 1706 508 1772 filium
529 1709 662 1773 Orestes
689 1706 849 1772 interfecit
879 1711 911 1771 et
932 1705 1104 1787 Erigonam
1134 1725 1172 1771 ex
1194 1705 1331 1787 Clytem-

96 1822 208 1882 nestra
230 1822 263 1882 et
284 1818 439 1900 Aegistho
461 1823 570 1883 natam
593 1819 694 1884 voluit
714 1819 904 1899 interficere,
928 1818 985 1883 sed
1007 1817 1111 1882 Diana
1132 1837 1202 1883 eam
1225 1814 1332 1898 rapuit

97 1928 178 1993 etin
196 1933 316 1993 terram
333 1929 470 1994 Atticam
487 1929 712 1996 *sacerdotem
728 1929 811 1996 fecit.
843 1932 975 1994 Orestes
991 1934 1095 1994 autem
1113 1928 1331 2010 [Neoptolemo

94 2038 273 2120 interfecto]
288 2040 483 2105 Hermionen
502 2041 640 2106 Menelai
662 2046 694 2106 et
718 2041 862 2107 Helenae
882 2041 980 2108 filiam
1003 2041 1193 2122 [abductam]
1218 2038 1324 2105 coniu-

96 2168 168 2232 gem
184 2152 289 2232 duxit3
312 2151 451 2234 Pylades
468 2158 574 2218 autem
590 2153 749 2218 Electram
766 2153 1011 2235 Agamemnonis
1027 2158 1060 2219 et
1077 2153 1329 2235 clytemnestrae
1342 2146 1382 2212 15

98 2261 198 2327 filiam
221 2261 319 2328 duxit.

521 2460 653 2527 CXXIII
675 2460 905 2542 Neoptolemus

184 2596 415 2678 Neoptolemus
431 2596 564 2663 Achillis
582 2605 614 2664 et
628 2597 815 2664 Deidamiae
829 2596 914 2662 filius
931 2615 970 2661 ex
985 2595 1209 2661 Andromacha
1223 2595 1330 2661 Eetio-

99 2707 151 2773 nis
172 2707 238 2773 filia
260 2709 387 2791 captiva
409 2709 589 2792 procreavit
602 2709 816 2791 Amphialum.
839 2710 895 2774 sed
910 2712 1081 2790 postquam
1097 2707 1227 2788 audivit
1249 2708 1331 2773 Her·

98 2819 236 2885 mionem
259 2838 410 2902 sponsam
433 2838 525 2886 suam
546 2821 654 2886 Oresti
676 2838 748 2887 esse
769 2821 878 2886 datam
900 2819 933 2884 in
956 2819 1149 2902 coniugium,
1170 2821 1331 2885 Lacedae·

99 2950 225 2997 monem
247 2930 335 2996 venit
356 2936 388 2997 et
410 2951 430 2997 a
444 2933 590 2999 Menelao
606 2950 757 3014 sponsam
776 2950 867 2998 suam
882 2931 972 3013 petit.
995 2931 1045 2997 cui
1060 2931 1114 2997 ille
1129 2931 1224 2998 iidem
1240 2951 1330 2999 suam
1340 2932 1382 2997 20

98 3040 260 3107 infirmare
287 3042 391 3108 noluit
412 3043 668 3126 Hermionenque
695 3044 736 3109 ab
763 3045 879 3108 Oreste
907 3043 1040 3109 abduxit
1067 3049 1100 3109 et
1121 3044 1330 3126 Neoptolemo

99 3153 198 3219 dedit.
242 3155 374 3221 Orestes
397 3154 514 3220 iniuria
535 3161 667 3237 accepta
687 3155 930 3236 Neoptolemum
946 3155 1077 3238 Delphis
1101 3155 1331 3221 sacrificantem

102 3336 307 3346 ———

169 3459 181 3504 1
201 3458 318 3503 electrum
336 3457 356 3502 F*
374 3472 429 3505 corr
446 3458 468 3504 F
485 3461 537 3518 pi
591 3457 728 3506 inuncius
746 3456 833 3505 Oomrn
853 3453 864 3524 ῃ
889 3455 996 3524 ifimhuai
1016 3455 1041 3506 Σ
1094 3459 1109 3504 3
1129 3454 1265 3523 {ahmane}
1285 3457 1330 3503 ea!

98 3553 114 3598 4
138 3555 277 3611 superesset
299 3550 385 3599 Oomm
409 3567 477 3599 error
497 3548 507 3618 ΙΙ
527 3550 631 3598 obticere
654 3551 740 3599 Oomm
800 3555 813 3598 I
837 3553 938 3600 1111111
963 3553 1050 3600 Comm
1103 3556 1132 3599 11
1153 3551 1275 3611 Erigonen
1292 3554 1331 3599 Bu

100 3649 131 3695 13
154 3646 181 3692 in
202 3652 292 3692 terram
310 3644 419 3693 Atticam
444 3653 466 3693 et
482 3647 521 3693 Bu
539 3644 649 3693 Atticam
674 3644 838 3714 1111111111Ῑῖ
867 3646 870 3650 ’
898 3651 929 3695 14
947 3647 1095 3694 hermionem
1120 3647 1140 3693 F
1164 3662 1220 3694 corr
1245 3647 1332 3696 Comm

101 3739 114 3806 Η
126 3740 290 3788 adductamN
308 3755 363 3788 corr
375 3739 424 3788 seh
436 3741 486 3801 Mu,
505 3756 592 3788 vereor
608 3746 690 3789 tamen
709 3757 739 3789 ne
757 3747 782 3789 et
796 3743 844 3790 hoo
858 3742 1007 3790 vocabulum
1025 3746 1049 3789 et
1066 3741 1144 3789 verba
1162 3742 1331 3801 ‘Neoptolemo

98 3833 234 3883 intersecto'
251 3835 351 3897 Hygino
368 3835 447 3882 invito
465 3835 513 3883 huc
531 3836 581 3884 sint
598 3836 675 3895 illata,
694 3851 765 3896 quern
783 3851 853 3885 suam
871 3837 901 3884 de
916 3836 1071 3897 Neoptolemi
1088 3851 1148 3884 neco
1165 3837 1331 3884 narrationem

97 3931 137 3978 his
155 3930 206 3978 fere
224 3930 308 3977 verbis
327 3943 440 3978 exorsum
458 3945 512 3979 esse
530 3931 656 3991 suspicor:
674 3930 732 3978 ‘Sed
749 3933 924 3992 Neoptolemus
941 3931 1046 3980 Achillis
1064 3936 1089 3979 et
1105 3932 1250 3980 Deidamiae
1265 3933 1331 3981 filius

98 4039 127 4072 ex
146 4022 320 4071 Andromacha
336 4024 448 4072 Eetionis
471 4025 523 4072 filia
547 4026 646 4085 captiva
663 4031 790 4086 procreato
808 4026 941 4085 Amphiale
967 4030 1098 4086 postquam
1115 4026 1210 4073 audivit
1232 4031 1257 4074 et
1274 4043 1298 4087 q.
1311 4026 1330 4075 s'

99 4118 172 4166 Certe
196 4119 276 4178 capite
300 4119 398 4166 demum
416 4119 521 4166 CXXIII
540 4119 678 4167 absolvitur
701 4120 819 4168 historiae
836 4120 965 4168 fabulosae
984 4118 1205 4185 (genealogiarum)
1229 4136 1258 4168 oa
1274 4136 1331 4182 par·

98 4214 185 4272 1111111,
203 4228 277 4274 quam
290 4210 455 4263 ΠΕΛΟΠΙΔ
461 4211 494 4262 AI
507 4214 650 4275 inscriptam
662 4216 739 4263 fuisse
753 4215 870 4262 discimus
888 4229 902 4262 e
913 4214 1041 4262 Plutarchi
1053 4215 1107 4263 PM
1119 4214 1191 4261 XXX
1209 4216 1258 4261 vol.
1269 4215 1332 4263 VIII

98 4322 122 4369 p.
136 4310 185 4355 431
205 4308 274 4354 Hutt.

167 4403 198 4449 21
218 4401 321 4449 adduxit
337 4402 358 4448 E
376 4416 431 4449 corr
449 4401 496 4449 Seh
