3082 4950
664 237 771 309 XXXI

101 393 209 474 rheni)
226 392 325 460 CLIV
340 392 530 474 (Phaethon.
553 391 723 474 Heliades)
746 397 779 457 et
800 409 825 456 c.
842 391 1001 457 CLXXXI
1023 391 1157 472 (Diana)
1179 393 1337 474 impressa

101 505 248 571 vidimus.
277 505 310 569 in
338 504 399 569 hac
427 509 519 585 parte
541 503 668 584 Pyrami
698 509 731 567 et
752 503 888 567 Thisbes
917 509 950 568 et
972 503 1116 585 Byblidis
1144 504 1336 570 mentionem
1375 568 1378 573 .

103 615 268 697 (CCXLII.
289 616 351 694 ΙΙΙ)
375 614 517 692 eidem*)
547 614 655 679 deberi
677 614 817 681 dixerim.
861 614 989 695 Triplex
1012 616 1230 681 Semiramidis
1253 634 1336 681 com·

101 727 286 793 memoratIo
310 727 394 793 unde
415 727 552 804 venerit,
579 725 706 805 ignoro,
736 725 827 790 illata
849 744 923 791 vero
946 726 1025 792 haec
1051 745 1177 809 quoque
1198 727 1337 793 frustula

102 856 176 905 esse
192 837 322 918 (CCXL.
337 838 394 903 III.
411 837 593 920 CCLXXV)
611 837 662 901 vel
680 855 697 900 e
712 837 782 903 loco
797 836 984 918 ignobiliore
1001 844 1144 918 apparet,
1167 858 1260 920 quem
1276 839 1336 904 sub

101 948 197 1016 finem
218 948 417 1031 singulorum
440 949 578 1030 capitum
601 953 767 1030 occupant.
798 967 838 1013 ne
863 948 965 1029 primo
993 949 1120 1029 quidem
1143 950 1336 1016 Fabularum

101 1061 183 1126 libro
204 1060 443 1142 interpolatoris
467 1060 620 1141 Impetum
635 1059 818 1140 pepercisse
835 1077 874 1124 ex
894 1059 933 1124 iis
949 1077 1031 1140 quae
1049 1061 1336 1127 demonstravimus

102 1179 224 1239 eertum
252 1175 311 1237 est.
341 1171 395 1254 qui
425 1170 552 1253 quidem
581 1170 760 1235 meminerit
788 1170 960 1237 Nereidum
989 1190 1153 1236 numerum
1183 1172 1336 1254 quinqua-

104 1283 269 1364 genarium
292 1301 330 1349 eo
353 1287 476 1348 tantum
500 1281 595 1362 effici,
624 1284 709 1364 quod
732 1283 862 1347 dearum
885 1282 1076 1350 marinarum
1099 1283 1228 1348 nomina
1250 1284 1337 1365 apud

103 1395 277 1463 Homerum
298 1394 331 1459 in
354 1394 464 1459 Iliadis
486 1399 515 1459 Σ
534 1393 628 1458 obvia
649 1393 817 1458 arbitraris
840 1393 992 1474 ampliata
1015 1394 1080 1459 sint
1095 1394 1274 1461 nominibus
1296 1394 1336 1460 ab

102 1482 269 1587 anonimo
297 1506 436 1586 quonam
464 1504 880 1586 evirgiliiee0.111343
908 1504 1006 1585 fictis,
1035 1505 1202 1587 Virgilium
1230 1510 1336 1571 autem

102 1619 163 1683 hac
189 1618 222 1686 in
252 1636 287 1683 re
313 1623 379 1683 tam
402 1617 610 1698 neglegenter
632 1634 703 1681 esse
726 1615 920 1698 inspectum,
950 1621 986 1681 nt
1011 1635 1051 1682 ne
1073 1617 1184 1682 Asiam
1210 1618 1337 1700 quidem

103 1730 337 1823 Clymeneaque
358 1729 444 1795 inter
458 1727 614 1792 Nereides
628 1745 795 1795 recensere
810 1727 1005 1793 dubitaverit
1026 1727 1144 1793 sciolus
1169 1728 1231 1794 iste
1252 1729 1336 1794 male

103 1839 252 1918 sedulus,
273 1839 379 1905 iacere
401 1839 452 1905 vix
474 1838 606 1920 poterit,
628 1838 704 1920 quin
726 1839 760 1903 in
782 1838 843 1903 hac
865 1837 962 1903 etiam
983 1843 1076 1920 parte
1096 1839 1335 1920 interpolatoris

102 1955 258 2031 agnoscat
278 1949 429 2032 vestigia:
453 1949 820 2032 nobisqueassentiatnr
839 1949 996 2030 inprimis
1018 1950 1091 2017 libri
1105 1951 1261 2032 versibus,
1282 1950 1337 2017 ubi

101 2080 161 2143 pro
184 2061 339 2129 vocabulo
362 2060 457 2142 plane
479 2062 588 2142 inepto
604 2079 840 2127 eonrrnunrrn
862 2080 879 2125 e
901 2061 1012 2126 Sermo
1035 2063 1076 2125 ad
1094 2061 1182 2143 Virg.
1198 2065 1275 2129 Aen.
1290 2065 1336 2129 VI

102 2173 165 2239 274
187 2172 480 2239 conscientiam
497 2172 709 2254 reposuimus,
734 2179 766 2237 et
781 2173 841 2237 hoc
857 2171 1112 2238 additamentum
1132 2180 1165 2238 et
1179 2173 1244 2240 alia
1258 2194 1337 2240 non·

105 2283 196 2351 nulla
216 2284 346 2349 nomina
363 2301 602 2365 supervacanea
617 2284 656 2350 ab
673 2284 783 2348 eodem
799 2283 925 2364 Virgilii
940 2283 1060 2348 lectore
1072 2283 1104 2349 in
1120 2285 1263 2366 margine
1278 2287 1335 2351 ad·

103 2413 217 2476 spensa
232 2413 314 2461 esse.
346 2395 489 2461 Remotis
504 2394 602 2477 igitur
617 2394 754 2475 amplius
766 2395 826 2459 XX
841 2395 1077 2461 accessionibus
1091 2395 1125 2460 in
1141 2414 1166 2460 c.
1179 2396 1335 2463 CCXXIV

102 2506 324 2588 inquirendum
341 2508 402 2571 erIt
416 2506 696 2587 iuterpolationum
711 2505 891 2586 frequentia
905 2505 1039 2571 maxime
1056 2506 1182 2587 insigni.
1205 2508 1334 2588 saepius

104 2619 342 2687 observavimus
372 2637 443 2686 eum
471 2617 526 2698 qui
553 2617 679 2682 fabulas
707 2616 837 2697 scripsit
867 2616 1159 2682 catasterisrnorum
1186 2623 1334 2685 auctores

101 2748 165 2797 non
188 2730 307 2795 adiisse
328 2728 438 2795 videri.
467 2728 529 2793 iam
551 2744 627 2793 vero
648 2728 680 2792 in
703 2727 763 2792 hoc
793 2727 897 2808 capite
919 2726 1075 2795 mammae
1097 2746 1134 2793 eo
1156 2727 1336 2796 efficiuntur

102 2840 232 2920 turbae,
261 2841 345 2923 quod
371 2839 544 2907 identidem
574 2839 615 2903 ab
628 2839 681 2933 ils
708 2838 764 2920 qui
785 2839 1015 2905 humanitatem
1037 2832 1193 2906 eruerunt
1213 2841 1254 2905 ad
1278 2829 1349 2907 eos¹

102 2951 259 3033 quisunt
287 2952 319 3017 in
349 2951 462 3019 stellas
489 2950 582 3016 relati
613 2950 769 3031 digressio
798 2949 848 3030 fit,
878 2950 1021 3032 quamvis
1050 2950 1128 3015 nihil
1158 2951 1189 3025 in
1217 2950 1334 3018 fabulis

102 3063 188 3143 insit,
211 3082 283 3145 quo,
305 3062 333 3129 si
348 3080 374 3127 c.
390 3062 563 3127 CLXXVII
578 3067 612 3127 et
626 3061 741 3128 CXXX
756 3061 927 3143 exceperis,
949 3061 1111 3127 commode
1131 3063 1210 3129 haec
1224 3062 1335 3129 referri

101 3174 236 3256 possint
269 3173 393 3239 aceedit
415 3174 500 3255 quod
524 3173 558 3237 in
581 3172 727 3253 genuinis
754 3172 826 3236 libri
854 3172 999 3254 partibus
1022 3172 1204 3254 (CCLXXI)
1227 3173 1334 3254 Gany·

101 3286 212 3353 medes
238 3283 437 3351 Erichthonii
461 3283 545 3348 filius
575 3282 664 3349 audit
691 3301 711 3348 a
738 3283 889 3348 Dardano
916 3283 1002 3349 Iovis
1034 3289 1067 3349 et
1095 3284 1241 3349 Electrae
1268 3284 1334 3351 filio

101 3395 276 3477 procreati,
308 3395 361 3461 hic
393 3400 501 3461 autem
531 3395 684 3461 Assaraci
714 3393 801 3460 filius
833 3394 1024 3476 appellatur.
1060 3414 1168 3461 verum
1201 3397 1333 3461 remotis

102 3508 198 3575 etiam
221 3507 449 3573 additamentis
475 3505 565 3571 hisee
586 3506 723 3573 mamma
744 3505 932 3588 relinquitur
957 3524 1062 3573 rerum
1084 3506 1333 3573 memorabilium

101 3618 207 3700 copia,
236 3636 370 3699 quarum
393 3635 584 3700 quamquam
605 3616 640 3682 in
660 3616 741 3683 libro
764 3617 920 3698 secundo,
952 3616 1077 3698 qualern
1100 3617 1227 3698 quidem
1250 3638 1333 3684 nunc

102 3766 307 3777 ——n—-n-——n-

103 3904 109 3919 .
169 3850 194 3915 *)
213 3851 278 3899 Usus
295 3851 395 3910 quidem
407 3849 499 3897 Ouidio
517 3854 555 3899 ast
566 3851 680 3911 Hyginus
697 3851 772 3898 etiarn
789 3849 902 3910 genuinis
914 3848 941 3896 in
954 3848 1024 3908 loeis,
1043 3850 1112 3897 velut
1129 3865 1149 3898 e.
1163 3849 1233 3898 CVII
1251 3853 1332 3899 ‘vnl-

101 3959 181 3992 nera
198 3948 262 3993 tum
273 3944 431 4005 (denique
444 3945 591 4005 passum)
604 3943 700 3992 occidit'
713 3959 743 3991 ex
757 3943 829 3992 Ovid.
843 3948 900 3991 met.
913 3943 976 3991 XIII
988 3944 1036 3992 eci
1050 3943 1180 4004 fluxerunt,
1194 3961 1214 3994 c.
1225 3945 1332 3994 CXXIII

102 4054 224 4100 sparsa
242 4053 298 4099 per
316 4039 513 4085 Ambraciae
535 4036 576 4101 (ef.
596 4035 684 4100 §148)
703 4053 731 4084 ex
749 4039 786 4085 Ibi
806 4041 854 4087 302
874 4044 898 4084 et
915 4052 935 4084 e.
949 4037 1076 4085 CXLVIII
1094 4039 1190 4088 Thasus
1208 4046 1233 4087 et
1249 4041 1332 4088 Mene·

101 4135 180 4195 phron
199 4131 291 4180 ovidio
309 4131 420 4180 sublecta
438 4136 510 4180 sunt:
529 4133 573 4178 sed
590 4133 650 4178 taIIa
667 4133 785 4178 memoria
803 4130 969 4192 suppeditavit
985 4145 1035 4177 nou
1052 4133 1133 4179 minus
1151 4148 1225 4193 quam
1242 4135 1334 4182 Home-

100 4229 178 4275 rIeum
203 4240 302 4274 versum
320 4224 337 4274 i
354 4228 403 4275 324
428 4226 453 4272 In
473 4225 613 4284 CXLVIII,
641 4226 781 4273 Ennianum
807 4227 893 4272 coeli
915 4226 1068 4286 ingentes
1094 4228 1257 4289 fornices,
1282 4242 1331 4290 quo

100 4323 175 4369 etiam
187 4321 275 4369 Cicero
292 4321 323 4367 de
341 4334 376 4366 or.
387 4320 426 4367 111
443 4321 485 4379 40,
505 4322 553 4368 ma
571 4334 630 4368 usus
648 4325 686 4368 est
702 4321 728 4366 in
741 4318 790 4379 CL,
809 4320 957 4368 lueratienos
968 4321 994 4367 ΙΙ
1007 4325 1057 4370 ’104
1074 4320 1097 4366 V
1111 4320 1160 4368 903
1177 4319 1203 4367 in
1222 4336 1243 4369 c.
1253 4322 1331 4385 LVII,

100 4417 139 4467 111
157 4418 206 4466 994
224 4416 250 4463 in
268 4414 394 4462 LXXXII.
