3082 4950
744 213 805 279 103

632 451 744 538 ¹CXIII
766 453 899 516 Orestes

241 589 373 653 Orestes
391 588 638 669 Agamemnonis
662 593 694 653 et
709 588 963 670 clytemnestrae
984 587 1069 655 filins
1089 594 1261 671 postquam
1282 588 1315 654 in
1331 609 1389 671 pu-

155 699 262 764 berem
284 704 423 765 aetatem
441 699 528 764 venit
544 700 697 765 studebat
714 699 817 781 patris
834 699 884 763 sui
898 704 1032 764 mortem
1048 700 1170 781 exequi.
1190 702 1298 782 itaque
1316 719 1389 765 con·

155 810 260 875 silium
275 810 362 892 capit
377 829 446 875 cum
459 810 580 891 Pylade
595 815 628 875 et
642 812 794 892 Mycenas
810 811 898 875 venit
911 811 950 875 ad
968 816 1101 877 matrem
1115 811 1389 894 Clytemnestram,

155 920 295 1002 dicitque
318 939 354 985 se
376 920 522 986 Aeolium
543 921 701 1002 hospitem
732 939 805 985 esse
826 921 1014 1002 nuntiatque
1036 924 1183 988 Orestem
1212 942 1284 988 esse
1306 941 1388 987 mor-

154 1038 254 1115 tuum,
278 1051 370 1113 quem
386 1033 560 1114 Aegisthus
582 1033 700 1114 populo
723 1033 901 1098 necandum
921 1034 1185 1099 demandaverat:
1206 1052 1266 1099 nec
1287 1027 1416 1098 multob

153 1148 229 1224 post
243 1143 381 1226 Pylades
395 1142 536 1225 Strophii
550 1143 635 1209 filius
651 1145 693 1209 ad
707 1144 972 1226 clytemnestram
987 1144 1075 1209 venit
1089 1163 1264 1227 urnamque
1280 1163 1387 1210 secum

154 1255 249 1320 affert
277 1254 417 1336 dicitque
447 1273 524 1319 ossa
551 1255 676 1320 Orestis
706 1255 835 1320 condita
866 1273 947 1320 esse.
978 1273 1057 1336 quos
1086 1255 1258 1337 Aegisthus
1287 1256 1388 1322 laeta·

153 1366 280 1430 bundns
303 1366 443 1448 hospitio
465 1365 597 1449 recepit.
620 1366 694 1448 [qui]
718 1366 884 1432 occasione
907 1370 1001 1448 capta
1022 1367 1153 1432 Orestes
1176 1385 1246 1431 cum
1267 1368 1388 1449 Pylade

152 1481 250 1542 noctu
266 1475 533 1558 Clytemnestram
556 1483 690 1543 matrem
713 1482 746 1542 et
762 1476 952 1558 Aegisthum
971 1477 1173 1543 interficiunt.
1196 1497 1289 1559 quem
1304 1479 1387 1561 Tyn·

153 1589 271 1653 dareus
294 1607 364 1653 cum
380 1594 555 1670 accusaret,
575 1588 682 1654 Oresti
705 1607 725 1653 a
740 1588 985 1669 Mycenensibus
999 1587 1076 1669 fuga
1094 1590 1172 1654 data
1187 1594 1238 1654 est
1255 1593 1436 1671 propterlO

152 1705 288 1782 patrem.
311 1718 404 1782 quem
427 1706 542 1782 postca
564 1699 666 1765 iuriae
688 1698 800 1765 matris
825 1699 1035 1780 exagitarunt.

553 1896 637 1962 CXX
659 1895 828 1979 Iphigenia
849 1895 985 1961 Taurica

237 2034 384 2098 Orestem
406 2033 507 2098 iudae
529 2051 600 2098 cum
623 2033 824 2114 exagitarent
845 2032 988 2114 Delphos
1020 2033 1217 2098 sciscitatum
1240 2040 1291 2099 est
1311 2053 1384 2116 pro-

150 2145 271 2224 fectae,
294 2145 365 2227 quis
388 2145 518 2210 tandem
541 2146 653 2209 modus
677 2149 763 2209 esset
784 2163 1021 2209 aerumnarum:
1048 2160 1237 2226 responsum
1261 2151 1328 2226 est,
1349 2151 1385 2212 ut

150 2257 184 2321 in
207 2262 326 2321 terram
348 2256 515 2321 Tauricam
544 2255 586 2320 ad
613 2273 722 2337 regern
745 2256 921 2320 Thoantem
951 2259 1075 2336 patrem
1098 2256 1291 2338 Hypsipyles
1314 2257 1384 2338 iret

150 2368 288 2449 indeque
310 2367 350 2432 de
372 2367 492 2448 templo
514 2366 637 2431 Dianae
661 2367 787 2448 signum
809 2369 912 2447 Argos
936 2366 1076 2445 afferret3
1105 2371 1181 2431 tunc
1202 2366 1294 2432 finem
1316 2367 1434 2434 iorelh

151 2478 315 2544 malorum.
338 2483 425 2544 sorte
447 2478 557 2544 audita
579 2468 650 2542 cum
668 2476 790 2559 Pylade
806 2476 948 2558 Strophii
968 2476 1033 2541 filio
1056 2477 1168 2543 sodale
1190 2497 1248 2543 suo
1270 2498 1384 2543 navem

151 2590 338 2655 conscendit
356 2590 564 2669 celeriterque
579 2589 621 2652 ad
637 2588 812 2668 Taur[ic]os
829 2587 931 2669 [fines]
949 2588 1153 2670 devenerunt,
1176 2608 1309 2671 quorum
1324 2589 1385 2655 fnit

150 2701 333 2766 institutum
356 2705 392 2765 ut
413 2700 466 2782 qni
488 2700 575 2764 intra
595 2698 675 2764 fines
691 2718 800 2764 eorum
822 2700 942 2781 hospes
965 2700 1106 2766 venisset
1126 2700 1245 2782 templo
1260 2701 1383 2767 Dianae

149 2811 377 2877 immolaretur.
399 2810 454 2876 ubi
470 2813 602 2877 Orestes
619 2815 652 2875 et
667 2810 804 2892 Pylades
828 2829 898 2875 curn
919 2811 953 2876 in
976 2811 1129 2892 spelunca
1151 2831 1186 2879 se
1202 2817 1384 2879 tutarentur

150 2929 183 2989 et
204 2924 402 2989 occasionem
425 2927 601 3005 captarent,
625 2941 645 2987 a
666 2922 849 3004 pastoribus
869 2923 1061 3004 deprehensi
1081 2925 1122 2988 ad
1137 2943 1243 3005 regem
1259 2925 1383 2989 Thoan·
1391 2927 1433 2991 20

149 3040 213 3100 tem
237 3039 312 3100 sunt
335 3035 472 3099 deducti.
495 3053 575 3117 quos
598 3034 705 3099 Thoas
728 3052 787 3099 suo
803 3053 890 3099 more
904 3034 1029 3099 uinctos
1044 3034 1076 3099 in
1091 3036 1245 3116 templum
1260 3036 1383 3101 Dianae

150 3152 187 3212 ut
208 3146 447 3210 immolarentur
469 3146 542 3211 duci
563 3145 667 3226 iussit,
684 3145 742 3210 'nbi
759 3145 925 3227 Iphigenia
940 3146 1063 3211 Orestis
1087 3164 1177 3211 soror
1198 3145 1258 3212 fuit
1279 3165 1383 3212 sacer-

150 3260 219 3323 dos.
250 3276 367 3339 eosque
390 3276 429 3322 ex
450 3256 551 3339 signis
574 3261 670 3338 atque
693 3256 888 3338 argumentis
911 3255 965 3337 qui
988 3260 1097 3322 essent
1123 3258 1200 3338 quid
1220 3257 1384 3324 venissent

149 3374 320 3451 postquam
342 3368 465 3448 resciit,
498 3367 631 3434 abiectis
660 3367 845 3433 ministeriis
874 3367 948 3448 ipsa
977 3368 1082 3449 coepit
1111 3368 1236 3450 signum
1258 3368 1381 3435 Dianae

217 3636 431 3696 AnunciatqneF
450 3634 499 3683 sibi
517 3649 566 3682 non
584 3640 701 3683 constane
750 3637 763 3681 I
782 3635 949 3696 aegysthnsP
991 3638 1007 3684 8
1026 3634 1083 3699 [qut]
1102 3637 1152 3685 secl
1164 3633 1198 3696 Σ,
1217 3636 1310 3684 Orestae
1328 3655 1381 3686 eum

148 3731 241 3790 I‘yluric
258 3730 438 3791 proscripserat
449 3731 492 3777 Mu
509 3730 591 3777 minus
603 3734 669 3778 recto
690 3725 699 3797 [1
721 3728 834 3790 Capitnm
852 3729 946 3777 CXVII
963 3730 1072 3778 CXVIII
1089 3729 1171 3778 CXIX
1189 3732 1249 3779 ordo
1261 3735 1381 3793 pristinus

148 3826 189 3872 hic
207 3826 280 3873 fuerit
297 3823 403 3871 CXVIII
421 3824 515 3872 CXVII
532 3824 628 3885 CXIX,
654 3830 681 3872 ut
704 3830 761 3885 post
785 3824 872 3884 capitis
890 3824 984 3872 CXVII
1008 3826 1086 3873 verba
1109 3827 1245 3875 novissima
1269 3828 1305 3875 aio
1326 3845 1381 3889 per·

149 3920 240 3967 rexerit
256 3924 353 3966 auctor:
379 3918 436 3977 ‘dui
453 3924 585 3979 postquam
610 3919 635 3966 in
653 3919 771 3980 puberem
789 3924 813 3967 et
830 3934 853 3979 q.
866 3919 898 3977 s',
925 3920 956 3966 ad
975 3918 1045 3966 CXX
1067 3925 1149 3968 antem
1172 3926 1246 3982 caput
1268 3926 1382 3972 transitio

148 4015 182 4063 sit
199 4015 313 4061 facienda
330 4014 369 4061 his
381 4013 479 4061 verbis:
499 4013 585 4072 ‘Quem
603 4019 689 4073 postea
707 4014 785 4061 iuriae
796 4013 882 4061 matris
900 4027 955 4060 cum
967 4012 1127 4074 exagitarent,
1145 4016 1257 4077 Delphos
1275 4024 1299 4065 et
1316 4034 1340 4078 q.
1354 4019 1381 4067 s’.

220 4112 251 4155 14
270 4108 432 4155 taurinamF
456 4122 511 4154 corr
528 4108 571 4155 Idu
625 4111 656 4156 ld
679 4109 821 4169 pyladesF
845 4122 899 4155 corr
921 4104 952 4170 (F
971 4122 993 4166 p.
1009 4107 1034 4171 I)
1052 4107 1138 4155 Comm
1190 4114 1219 4158 21
1245 4111 1380 4159 iunctosF

148 4203 240 4249 vinctm
257 4202 300 4247 Mn
353 4203 384 4250 23
404 4201 509 4261 ‘eosque’
528 4207 677 4262 suspectum,
695 4203 801 4250 fortasse
819 4202 962 4262 legendum:
982 4200 1058 4267 [quael
1079 4217 1108 4249 ex
1124 4204 1202 4264 signis
1219 4210 1292 4265 atque
1310 4221 1380 4267 argu·

149 4296 238 4344 menits
264 4297 306 4355 qui
332 4301 414 4343 essent
438 4310 516 4356 eoque
540 4296 599 4357 qnid
624 4297 751 4344 venissent
803 4300 835 4345 24
856 4296 950 4343 adamis
974 4296 1090 4344 mihiatras
1106 4299 1195 4360 interp.
1214 4297 1262 4346 Sch
1285 4299 1383 4349 abaco

148 4390 277 4437 ministerii
292 4405 303 4436 a
316 4423 322 4436 .
336 4387 400 4438 ..Σ
