3082 4950
713 249 845 316 XXXVI

818 404 896 471 CCL
920 404 1028 470 Iasion
1055 405 1153 472 Ilithii
1182 406 1270 474 filius
1297 425 1394 490 quem

819 517 914 583 Ceres
942 516 1058 583 dicitur
1078 535 1206 587 amasse
1230 517 1394 585 formosus

820 626 927 694 CCLV
937 627 1108 695 Eleusinus
1119 628 1303 696 Eleusinem
1317 649 1395 697 con·

817 739 900 804 didit

17 878 20 893 ·
92 885 94 889 ·
162 850 289 916 CLXVI
310 850 545 930 Erichthonius]
569 855 736 932 argentum
756 851 899 916 Athenas
923 850 1031 927 attulit
1054 850 1237 918 CCLXXIV
1363 901 1366 906 -

161 962 320 1028 CLXVIII
340 962 482 1042 Danaus]
515 961 697 1028 CCLXXIV
719 962 816 1028 Belus
845 961 986 1044 Neptuni
1014 960 1099 1029 filius
1128 964 1250 1045 primus
1281 965 1392 1047 gladio

784 1073 991 1156 belligeratns
1014 1079 1074 1139 est.

159 1184 270 1252 CLXX
285 1185 458 1265 Danaides]
475 1184 707 1266 CCLXXIH‚5
729 1184 822 1250 ludos
845 1184 941 1267 Argis
966 1184 1042 1250 fecit
1056 1185 1188 1251 Danaus
1210 1186 1279 1253 Beli
1303 1185 1392 1254 filius

183 1314 185 1318 ’
789 1295 926 1361 filiarum
947 1296 1068 1378 nuptiis
1091 1302 1197 1377 cautu,
1219 1299 1303 1364 unde
1323 1298 1392 1382 Hy-

669 1411 673 1418 ’
789 1425 941 1473 menaeus
963 1407 1076 1474 dictus.
1120 1408 1214 1475 Adde
1233 1409 1392 1477 CCXLIV

790 1536 872 1600 quae
888 1518 928 1584 de
942 1518 1070 1585 Abante
1082 1520 1296 1604 Megapenthe
1313 1521 1391 1588 Per-

791 1649 847 1696 seo
869 1635 1048 1696 narrantur.

158 1729 316 1809 CLXXVI
331 1742 470 1824 Lycaon]
490 1741 629 1808 CCXXV
648 1741 804 1823 Pelasgus
821 1741 975 1823 templum
985 1741 1069 1808 Iovis
1084 1743 1223 1826 Olympii
1238 1744 1391 1827 condidit,

711 1853 839 1935 Lycaon
858 1852 1011 1935 templum
1026 1854 1175 1920 Mercurii
1188 1855 1221 1921 in
1236 1856 1389 1924 Arcadia.

156 1964 312 2030 CLXXIX
343 1963 478 2044 Semele]
510 1964 606 2030 CCLI
631 1964 729 2030 Liber
756 1969 849 2046 pater
876 1965 919 2030 ad
949 1965 1094 2031 Semelen
1127 1971 1261 2034 matrem
1293 1985 1387 2034 suam

594 2104 597 2114 ·
700 2076 810 2143 Cadmi
831 2075 930 2144 filiam
951 2076 1120 2143 deseendit

156 2185 343 2253 CLXXXIV
364 2187 537 2267 Pentheus]
561 2186 670 2254 CCXL
693 2189 804 2271 Agaue
825 2189 1043 2270 Lycothersen
1072 2188 1105 2253 in
1126 2188 1236 2272 illyria
1263 2189 1389 2272 occidit,
1424 2258 1427 2267 ,

756 2304 793 2365 ut
813 2318 944 2382 regnum
968 2301 1088 2366 Cadmo
1109 2300 1194 2383 patri
1216 2302 1316 2367 daret

561 2411 686 2479 CCLIV
707 2412 820 2493 Agaue
842 2411 953 2478 Cadmi
980 2410 1046 2478 filia
1073 2411 1107 2477 in
1131 2411 1257 2494 Illyrico
1285 2414 1388 2495 Lyco·

772 2523 901 2591 tharsen
919 2541 1028 2605 regem
1051 2521 1223 2604 interfecit,
1244 2528 1278 2590 et
1298 2523 1386 2606 patri

773 2652 832 2700 suo
854 2653 986 2716 regnum
1009 2633 1107 2699 dedit.
1240 2688 1242 2693 .

50 2743 52 2747 ’
155 2745 269 2811 alicubi
284 2751 359 2826 post
374 2762 399 2812 c.
414 2745 581 2827 CXXXIX]
601 2745 767 2813 CCLXXV
782 2745 868 2812 Iovis
886 2745 1013 2812 Thebas
1029 2744 1211 2811 Thebaidos
1232 2744 1386 2829 condidit,

801 2898 802 2901 =
845 2857 961 2940 Apollo
972 2860 1106 2937 Ameas,
1126 2857 1257 2939 Ephyra
1274 2856 1386 2924 Corin·

844 2969 943 3034 thum.
967 2969 1107 3035 CCXXV
1117 2967 1384 3036 Thessalustem·

843 3080 932 3163 plum
947 3079 1032 3146 Iovis
1048 3079 1214 3146 Dodonaei
1231 3080 1384 3148 condidit.

845 3194 960 3258 Otrera
971 3195 1112 3259 Amazon
1123 3190 1237 3256 Martis
1249 3191 1384 3259 coniunx

844 3303 996 3386 templum
1006 3303 1129 3369 Dianae
1140 3301 1262 3385 Ephesi
1280 3302 1385 3385 prima

844 3414 928 3483 fecit.
971 3414 1094 3487 Pierius
1103 3414 1141 3494 ¹¹²).

219 3599 244 3665 ⁵)
261 3602 322 3649 Loci
340 3616 444 3663 qnorum
461 3602 529 3664 origo
547 3603 608 3652 latai
624 3604 649 3651 hi
662 3609 731 3653 sunt:
752 3607 802 3654 224
819 3605 873 3652 Pan
884 3604 1001 3654 Mercurii
1018 3609 1043 3653 et
1053 3605 1190 3664 Penelopes
1202 3603 1267 3653 lilius
1284 3603 1383 3652 immor·

150 3695 208 3744 talis
226 3697 306 3744 iactus
325 3699 373 3746 274
391 3696 445 3744 Pan
462 3698 559 3746 flemlae
581 3703 679 3746 cantum
697 3699 791 3761 primus
813 3700 909 3748 invenit
928 3703 975 3749 242
994 3699 1112 3748 Euhenus
1129 3698 1243 3746 Herculis
1267 3697 1333 3748 lilius
1356 3699 1384 3748 in

150 3790 240 3838 flumen
258 3791 413 3853 Lycormam·
430 3806 456 3840 se
473 3792 647 3853 praecipitavit
669 3794 734 3854 quod
753 3808 818 3842 nuno
836 3792 989 3856 Chrysoroas
1015 3793 1111 3840 dicitur.
1136 3795 1185 3842 238
1202 3791 1227 3838 id
1251 3795 1289 3840 est
1306 3792 1382 3841 Calli-

149 3882 302 3952 sthenem(‘l)
325 3886 428 3934 Euboea
450 3887 528 3935 lilium
551 3902 581 3934 ex
604 3887 711 3937 sortibus
729 3903 774 3949 pro
796 3888 891 3950 patriae
907 3890 994 3936 salute.
1022 3890 1071 3936 242
1090 3886 1202 3935 Caeneus
1222 3885 1289 3934 Elati
1314 3886 1382 3936 tilius

148 3981 203 4041 ipse
220 3993 247 4029 sc
264 3979 386 4028 interfecit
403 3982 453 4029 244
470 3981 595 4042 Amphion
611 3981 724 4047 Terei(?)
740 3982 807 4032 iilius
826 3983 868 4030 avi
884 3983 923 4031 sui
940 3983 1004 4030 lilios
1022 3982 1112 4030 occidit
1135 3983 1183 4031 247
1202 3981 1299 4029 Thasos
1317 3981 1382 4030 Delo

149 4073 207 4121 Anii
230 4073 365 4122 sacerdotis
382 4075 505 4135 Apollinis
530 4075 595 4124 iilius
619 4091 635 4124 4
652 4077 755 4126 canibus
775 4078 912 4138 discerptus
938 4080 987 4127 275
1006 4077 1111 4139 Cinyras
1128 4075 1209 4136 Paphi
1231 4075 1298 4124 filius
1316 4074 1382 4124 tiliae

149 4180 209 4216 suae
233 4169 332 4216 nomine
357 4167 488 4229 Smyrnam
512 4170 628 4218 condidit.
656 4173 704 4220 221
724 4172 819 4220 Adonis
844 4171 951 4233 Cinyrae
972 4177 996 4220 et
1019 4172 1142 4233 Zmyrnae
1164 4169 1229 4218 filius
1252 4170 1382 4219 voluntate

149 4261 253 4312 Veneris
271 4263 302 4311 ab
320 4263 405 4311 inieris
422 4262 502 4312 rediit.
526 4266 572 4313 271
593 4265 688 4313 Adonis
707 4266 813 4328 Cinyrae
831 4271 855 4315 et
872 4268 994 4328 Zmyrnae
1011 4267 1076 4314 iilius
1094 4280 1167 4327 quem
1185 4265 1269 4313 Venus
1287 4264 1382 4312 amavit

149 4355 259 4416 ephebus
276 4356 476 4407 formosissimus.
505 4358 553 4407 252
571 4358 718 4407 Antilochus
735 4359 847 4409 Nestoris
865 4361 883 4408 1.
901 4363 964 4410 lacte
986 4361 1064 4409 lerino
1082 4360 1188 4409 nutritus
1198 4359 1231 4422 (1)
1260 4360 1309 4409 2113
1328 4358 1380 4407 Me-

148 4450 260 4512 nephron
277 4465 333 4500 cum
344 4451 446 4514 Cyllene
463 4451 516 4500 tilia
532 4453 557 4500 iu
570 4453 678 4501 Arcadia
695 4459 720 4502 et
736 4469 791 4502 cum
803 4455 891 4505 Bliade
905 4461 984 4504 matre
1000 4471 1046 4506 sua
1063 4455 1202 4504 concubuit.
1227 4455 1274 4503 271
1295 4451 1380 4515 Gany·
