3082 4950
699 248 821 317 XXVII

150 408 227 472 sunt
242 403 498 488 interpolationis
519 403 652 471 indicia:
675 404 939 486 quemadmodum
956 401 1070 484 capitis
1088 400 1156 468 CCI
1169 399 1268 466 verba
1283 398 1382 463 Mer·

150 516 291 582 curius
308 516 511 598 Autolyco
530 535 548 580 e
564 534 589 581 c.
607 515 657 581 CC
672 515 875 580 Mercurio
893 513 1128 595 Autolycum
1147 515 1223 577 sunt
1237 509 1382 592 repetita

151 629 198 693 sio
212 629 310 693 verba
332 647 357 694 c.
374 628 441 695 CCI
465 646 512 692 ex
534 627 624 692 albo
646 627 684 692 in
707 628 866 709 nigrum
888 632 1087 691 attraxerunt
1109 627 1220 690 eadem
1237 623 1335 688 verba
1348 623 1381 689 iu

150 739 232 806 CCII
253 738 347 804 obvia
370 745 404 804 et
420 739 566 820 Apollo
589 736 703 820 capitis
719 739 803 805 CCII
828 757 866 802 ex
888 756 924 803 se
947 736 1074 820 peperit
1088 735 1268 817 Apollinem
1289 751 1382 817 para-

150 849 265 932 graphi
281 851 456 932 sequentis.
499 851 548 915 De
562 849 679 915 tabulis
696 850 758 914 XII
774 849 914 914 nonnisi
930 868 968 914 ex
983 847 1088 912 indice
1106 846 1190 926 notis
1206 844 1383 925 (CCVII-

149 961 268 1032 XVIII.
290 961 374 1026 XIX.
395 960 469 1038 XX)
491 960 645 1026 lubricum
662 967 713 1027 est
729 960 894 1026 iudicium:
917 959 1080 1025 Hecateae
1101 976 1215 1022 nomeu
1232 957 1265 1021 in
1279 955 1383 1022 CCXA

150 1072 201 1138 vel
224 1078 406 1154 corruptum
436 1073 571 1138 videtur.
614 1072 771 1138 Bursiano
798 1077 836 1136 ut
856 1071 1031 1148 assentlar,
1061 1069 1248 1152 oppidorum
1274 1067 1383 1132 condi·

150 1189 239 1249 tores
256 1184 425 1263 recenseri,
447 1184 576 1248 Rhodos
599 1189 634 1248 et
648 1184 788 1265 Cyrenes
810 1183 939 1248 nomina
961 1201 986 1248 a
1004 1181 1140 1248 CCVIIL
1162 1180 1208 1244 IX
1229 1178 1384 1261 inscripta

150 1314 214 1361 non
230 1293 405 1375 sufficiunt,
428 1296 616 1376 praesertim
633 1313 703 1360 cum
719 1294 758 1359 de
774 1294 922 1359 Macareo
938 1299 1066 1378 praeter
1081 1310 1194 1357 nomen
1215 1290 1295 1356 nihil
1310 1308 1384 1355 con-

151 1410 232 1486 stet,
263 1407 383 1471 Herses
412 1411 521 1471 autern
547 1406 664 1471 mentio
691 1424 718 1470 c.
733 1405 829 1471 CCXI
858 1405 944 1470 facta
966 1404 1097 1486 Cephali
1127 1421 1185 1468 nos
1213 1403 1385 1467 admoneat

149 1518 274 1582 iuvenis
295 1517 527 1598 formosissimi,
549 1520 724 1582 secundum
742 1517 912 1582 nonnullos
933 1521 1082 1582 auctores
1103 1514 1251 1594 Creusae,
1274 1531 1384 1579 secun-

152 1631 228 1694 dum
251 1629 333 1694 alios
349 1629 470 1694 Herses
492 1628 558 1709 filii,
580 1647 673 1710 quem
696 1629 886 1693 eMercurio
908 1629 1091 1709 suscepisse
1106 1626 1302 1692 tradebatur.
1323 1625 1384 1690 hoc

152 1740 234 1805 euim
252 1740 376 1804 collatis
389 1758 479 1821 capp.
492 1739 644 1805 CCLXXI
659 1740 817 1804 neminem
832 1738 933 1820 fuglet
947 1741 985 1823 §d
997 1738 1232 1805 CCXII—XV.
1243 1736 1383 1816 xvima

152 1851 412 1916 adulescentulos
428 1851 606 1933 praedicari
627 1850 749 1915 formae
770 1852 969 1932 praestantia
984 1850 1125 1915 celebres
1147 1850 1278 1914 dearum
1299 1867 1385 1914 ama-

153 1961 230 2042 sios,
249 1961 385 2042 ideoque
401 1963 441 2027 ab
457 1963 518 2028 hoc
532 1961 710 2027 fabularum
727 1961 859 2054 circuitu
875 1963 1030 2027 arcendas
1046 1980 1119 2026 esse
1134 1961 1172 2043 ἓξ
1186 1960 1385 2026 CCVII-Xl

152 2079 265 2154 aperte
288 2071 375 2138 aliud
404 2073 569 2138 consilium
593 2076 731 2138 secutas.
762 2074 848 2155 quod
870 2074 898 2138 si
920 2091 1106 2138 concessum
1128 2072 1203 2151 erit,
1232 2089 1386 2153 quaerere

151 2184 263 2250 licebit
284 2202 385 2249 suone
405 2203 447 2249 an
471 2185 575 2250 alieno
597 2185 630 2249 in
652 2185 723 2250 loco
747 2184 856 2268 posita
877 2185 942 2249 sint
967 2185 1073 2266 capita
1087 2182 1386 2250 CCXII-XVIII?

152 2284 300 2362 Vidimus
323 2297 483 2379 adpinum
504 2296 816 2380 formosissimum
839 2296 1020 2377 catalogum
1043 2315 1068 2361 c.
1086 2296 1264 2361 rao-188
1287 2294 1386 2359 conti

152 2406 231 2473 neri.
254 2407 476 2472 dubitemusne
495 2412 665 2485 auctorem,
687 2425 780 2489 quem
797 2408 961 2488 bucusque
983 2395 1221 2472 observavimus
1243 2406 1275 2470 in
1299 2406 1386 2486 dige

151 2519 254 2584 reuda
275 2518 539 2600 disponendaque
552 2517 688 2583 materia
706 2517 998 2600 prudentissimum,
1021 2518 1170 2583 contiuuo
1192 2508 1385 2601 epheborum

150 2630 462 2714 sormosbsimorum
483 2630 625 2710 pentada
647 2629 821 2708 addidisse,
843 2629 1072 2695 catasterismis
1094 2629 1386 2710 mutationibusque

153 2739 208 2806 alii
223 2740 292 2805 loco
315 2759 353 2806 ac
369 2741 505 2822 tempori
528 2740 724 2806 reservatis?
755 2740 900 2822 equidem
922 2758 986 2804 non
1011 2740 1131 2806 dubito.
1153 2741 1216 2806 imo
1239 2758 1386 2806 necessa·

151 2851 234 2917 mam
257 2870 329 2917 esse
351 2852 483 2917 dixerim
506 2852 673 2933 utriusque
695 2851 809 2933 capitis
832 2851 1081 2933 commissuram,
1105 2853 1134 2918 si
1155 2854 1283 2934 quidem
1305 2870 1387 2935 quae

153 2983 180 3030 a
194 2963 321 3031 CCXIX
342 2970 514 3028 narrantur
535 2982 599 3028 non
622 2970 688 3028 tam
713 2964 755 3028 ad
778 2963 924 3031 Archelai
953 2962 1114 3028 fortunam
1143 2983 1237 3046 quam
1260 2969 1387 3047 Aegeas

155 3081 312 3158 spectant,
335 3074 486 3157 oppidum
501 3075 542 3140 ab
556 3074 628 3156 ipso
644 3074 814 3153 conditum,
835 3093 876 3139 ne
891 3079 1052 3155 Aegarum
1067 3071 1182 3156 κτίσις,
1207 3081 1240 3141 et
1261 3077 1387 3158 siquae

153 3187 282 3253 inerunt
304 3187 438 3253 aliorum
460 3187 649 3268 oppidorum
670 3189 820 3250 narratae
842 3184 997 3266 origines,
1026 3191 1117 3250 tanto
1144 3187 1313 3254 intervallo
1334 3204 1387 3252 ex·

154 3306 322 3382 ponantur.

240 3411 347 3491 Atque
369 3409 448 3474 haec
463 3408 590 3490 quidem
613 3409 654 3472 de
671 3407 772 3472 altera
786 3407 979 3472 Fabulamm
1002 3415 1095 3490 parte
1117 3409 1204 3474 dicta
1218 3409 1387 3476 sufficiant.

154 3521 411 3604 Mytbographus
442 3525 547 3584 autern
578 3525 749 3601 postquam
779 3519 812 3583 in
842 3519 944 3600 primo
974 3519 1056 3584 libro
1086 3538 1170 3586 nunc
1200 3521 1388 3587 brevissimo

154 3633 267 3699 viliore
289 3631 536 3698 nomenclatoris
560 3630 662 3696 officio
677 3629 806 3695 iunctus
829 3630 966 3712 stiloque
981 3631 1157 3696 horridiore
1172 3651 1250 3698 usus
1273 3650 1389 3715 genea-

104 3790 123 3833 3
154 3744 258 3826 logias
281 3745 411 3808 deorum
434 3743 628 3822 heroumque
650 3741 864 3822 concinnavit,
893 3748 961 3807 tum
987 3742 1021 3807 in
1047 3744 1204 3823 secundo,
1233 3743 1387 3825 quidquid

154 3855 357 3938 popularium
372 3855 528 3922 Graeciae
548 3853 726 3918 fabularum
748 3851 832 3916 scitu
854 3853 984 3934 dignum
1007 3852 1168 3919 videretur
1190 3852 1330 3936 collegit3
1353 3854 1386 3918 in

154 3968 251 4033 tertio
272 3965 370 4048 libro,
400 3967 441 4030 ad
464 3963 614 4030 humilius
636 3963 716 4028 illud
737 3963 865 4029 dicendi
887 3983 988 4047 genus
1009 3982 1168 4045 reversus,
1193 3967 1251 4030 sub
1267 3965 1386 4029 XLVII

156 4122 361 4137 ...no—nno*-

224 4225 249 4290 ἢ
267 4225 305 4273 Ci.
318 4225 489 4287 myth.vat.1
508 4227 564 4272 229.
585 4226 625 4281 30,
642 4222 686 4270 ubi
703 4222 736 4270 ab
754 4223 908 4283 EndymIone
926 4223 958 4268 ad
968 4221 1146 4284 Berecynthiae
1163 4227 1187 4271 et
1198 4223 1277 4284 Atyos
1290 4238 1385 4272 amores

156 4322 249 4383 pergit,
268 4322 376 4381 Atinque
394 4335 496 4380 puerum
514 4317 784 4367 formosissimum
801 4317 876 4364 inisse
894 4317 1007 4363 affirmat.
