3082 4950
655 144 851 247 '‘so'

651 422 735 489 XCV
757 421 867 488 Ulixes

236 558 454 639 Agamemnon
472 563 505 623 et
519 559 684 625 Menelaus
707 559 795 625 Atrei
817 558 874 623 filii
896 576 967 623 cum
990 558 1031 623 ad
1047 557 1174 622 Troiam
1195 574 1382 638 oppugnan-

149 670 224 733 dam
242 669 423 735 coniuratos
440 670 538 736 duces
557 670 711 736 ducerent
725 671 756 735 in
775 669 910 735 insulam
927 670 1070 734 Ithacam
1086 670 1126 734 ad
1145 668 1268 734 Ulixem
1284 669 1382 734 Laer-

150 779 193 844 tis
217 778 316 844 filium
345 787 509 847 venerunt.
538 783 588 848 oui
616 787 686 848 erat
710 800 913 864 responsum,
943 781 971 846 si
995 782 1036 846 ad
1059 779 1185 845 Troiam
1205 780 1287 847 isset
1308 785 1383 862 post

149 890 335 955 vicesimum
350 909 469 957 annum
491 893 593 959 solum
617 893 711 959 sociis
726 893 861 976 perditis
884 897 1028 976 egentem
1049 893 1177 957 domum
1198 891 1383 958 rediturum.

149 1002 260 1084 itaque
280 1021 350 1067 cum
367 1003 464 1069 sciret
480 1005 521 1069 ad
544 1023 579 1070 se
595 1010 739 1070 oratores
755 1008 906 1070 venturos
921 1003 1079 1070 insaniam
1095 1003 1249 1069 simulans
1263 1000 1412 1086 pileum5

151 1113 289 1195 sumpsit
312 1118 344 1179 ot
366 1133 481 1196 equum
503 1132 573 1181 curn
599 1116 681 1182 hove
702 1116 805 1182 iunxit
833 1117 874 1181 ad
897 1120 1047 1181 aratrum.
1078 1134 1172 1197 quem
1194 1115 1383 1182 Palamedes

149 1229 187 1288 ut
209 1224 290 1290 vidit
312 1225 414 1290 sensit
436 1225 586 1293 simulare
608 1232 704 1309 atque
727 1227 949 1293 Telemachum
974 1226 1072 1291 filium
1097 1226 1164 1291 eius
1192 1226 1281 1292 cunis
1309 1225 1384 1291 suh-

150 1335 250 1400 latum
275 1343 382 1401 aratro
397 1335 491 1422 reilusl
509 1337 644 1404 subiecit
666 1347 699 1404 et
715 1338 774 1404 ait:
797 1338 1000 1405 simulatione
1016 1337 1165 1419 deposita
1181 1337 1264 1403 inter
1279 1336 1385 1402 coniu-

149 1453 239 1514 ratos
261 1449 343 1513 veni.
374 1452 450 1514 tunc
471 1448 581 1514 Ulixes
603 1449 699 1515 fidem
722 1451 812 1517 dedit
835 1470 870 1517 sa
891 1456 1068 1516 venturum.
1099 1466 1137 1513 ex
1159 1467 1196 1515 eo
1218 1447 1384 1515 Palamedi

150 1559 287 1626 infestus
309 1559 378 1626 luit.
1393 1557 1434 1622 10

606 1726 735 1826 :novi
756 1759 897 1826 neantes

237 1895 347 1961 Thetis
363 1895 477 1961 Nereis
500 1914 570 1960 cum
594 1895 691 1961 sciret
705 1895 861 1963 Achillem
882 1894 981 1962 hlium
1006 1913 1098 1960 suum
1120 1913 1212 1976 quern
1236 1912 1274 1959 ex
1288 1891 1383 1959 Peleo

152 2005 301 2087 hahebat
324 2006 352 2071 si
376 2007 417 2072 ad
432 2006 558 2072 Troiam
581 2009 826 2089 expugnandam
844 2006 934 2087 isset,
956 2006 1131 2089 periturum
1154 2006 1385 2071 commendavit

151 2136 224 2182 eum
251 2116 284 2181 in
314 2117 449 2184 insulam
473 2115 608 2203 Scyrolul
640 2119 681 2183 ad
709 2119 921 2201 Lycomedem
950 2135 1065 2200 regom.
1097 2136 1190 2198 quern
1217 2116 1272 2182 ille
1299 2117 1391 2201 inter

152 2227 295 2310 virgines
316 2227 401 2294 filias
419 2228 532 2294 habitu
551 2228 732 2310 dolamineo
756 2229 906 2296 servabat
926 2228 1053 2294 nomine
1075 2232 1211 2292 mutato:
1233 2245 1306 2292 uam
1322 2228 1383 2292 vir-

151 2339 243 2422 gines
265 2339 419 2422 Pyrrham
442 2341 646 2407 nominarunt
672 2341 821 2423 quoniam
848 2339 972 2422 capillis
999 2337 1091 2403 flavis
1120 2337 1181 2403 init
1210 2344 1243 2404 et
1269 2357 1384 2421 graece
1395 2336 1435 2403 15

151 2451 256 2517 mium
270 2449 393 2538 πυῤῥὸν
411 2452 534 2518 dicitur.
564 2454 677 2519 Achivi
692 2457 799 2519 autem
815 2469 885 2517 oum
900 2450 1074 2516 rescissent
1087 2449 1131 2514 ihi
1147 2469 1219 2515 eum
1232 2451 1384 2516 occultari

153 2565 195 2629 ad
217 2583 325 2646 regem
340 2563 550 2645 Lycomedem
569 2570 714 2631 oratores
733 2564 890 2629 miserunt
908 2561 960 2643 qui
978 2565 1130 2644 rogarent
1151 2565 1188 2625 ut
1205 2580 1277 2626 curn
1294 2561 1412 2663 adiu-u

152 2675 268 2741 lorium
284 2674 406 2741 Danais
424 2674 574 2742 mitteret.
617 2679 685 2742 Rex
702 2694 772 2741 curn
792 2677 926 2756 negaret
943 2672 1029 2754 apud
1049 2691 1085 2737 se
1103 2690 1175 2738 esse
1191 2677 1383 2755 potestatem

154 2787 200 2852 eis
222 2786 298 2853 iecit
319 2792 356 2852 ut
384 2787 416 2852 in
439 2787 529 2870 regia
551 2792 749 2870 quaererent.
781 2786 835 2868 qui
865 2804 935 2851 oum
958 2783 1135 2866 intelhgere
1163 2804 1226 2851 non
1252 2791 1385 2868 possent

153 2898 225 2980 quis
249 2903 337 2964 esset
367 2917 492 2979 earum,
523 2899 656 2982 Ulysses
685 2900 718 2964 in
747 2898 835 2983 regio
865 2897 1022 2963 vestibulo
1052 2915 1183 2962 munera
1203 2876 1436 2978 il01eminea20

152 3009 274 3093 posuit,
304 3009 338 3075 in
365 3009 480 3092 quibus
507 3011 651 3093 clypeum
680 3016 712 3075 et
741 3009 869 3076 hastam
898 3015 930 3075 et
956 3007 1069 3074 suhito.
1092 3007 1263 3074 tubicinum
1291 3009 1387 3075 iussit

154 3140 269 3187 canere
289 3139 511 3203 armorumque
533 3122 688 3204 crepitum
712 3127 744 3187 et
766 3121 935 3186 clamorem
950 3119 1019 3185 fieri
1033 3119 1137 3186 iussit.
1173 3120 1311 3187 Achilles
1328 3120 1385 3187 ho·

154 3237 235 3299 stem
259 3231 418 3303 arbitrans
441 3233 557 3299 adesse
578 3237 700 3299 vestem
722 3230 907 3296 muliebrem
930 3230 1097 3297 dilaniavit
1122 3235 1219 3312 atque
1240 3231 1384 3313 clypeum

154 3350 187 3410 et
215 3344 342 3410 hastam
370 3344 514 3426 arripuit.
545 3364 584 3410 ex
611 3346 672 3410 hoc
699 3350 750 3410 est
771 3343 931 3425 cognitus,
959 3360 1098 3424 suasque
1120 3360 1235 3424 operas
1256 3341 1385 3425 Argivis

152 3455 300 3539 promisit
323 3460 356 3520 et
377 3456 495 3523 milites
516 3455 742 3539 Myrmidones.
1394 3448 1436 3514 25

223 3748 291 3796 XCV
311 3749 403 3809 Ulyxes
420 3749 507 3797 Oomm
560 3752 574 3797 2
593 3748 729 3809 ulyxomF
781 3746 955 3808 opilleumr
978 3761 1033 3794 corr
1051 3746 1137 3794 Comm
1161 3746 1192 3794 ci.
1209 3746 1343 3795 RSchoene
1360 3748 1386 3795 in
1494 3744 1497 3751 '

154 3845 246 3892 Hermo
270 3845 320 3890 vol.
338 3844 374 3890 vl
391 3859 415 3904 p.
429 3845 478 3892 125
496 3858 533 3903 sq.
594 3846 616 3891 1.
635 3844 651 3890 8
669 3841 729 3889 eis*
752 3841 802 3888 eiua
821 3841 869 3889 Sch
893 3848 995 3888 oraturo
1018 3842 1041 3887 ei
1056 3840 1200 3889 Perizonius
1257 3842 1271 3887 9
1299 3840 1386 3900 Ulyaeo

155 3938 243 3987 Comm

226 4036 255 4080 11
276 4031 365 4080 ‘scitor'
384 4047 451 4079 error
469 4031 556 4079 Gomm
605 4034 635 4079 13
655 4030 758 4092 scyron
776 4045 831 4078 corr
844 4030 893 4078 Seh
941 4031 971 4078 16
990 4029 1132 4091 pyrrhonii
1180 4032 1210 4078 18
1229 4044 1280 4077 eum
1296 4027 1387 4079 0an

155 4128 189 4175 20
208 4142 293 4174 eorum
311 4127 331 4173 F
349 4142 404 4174 corr
423 4126 471 4174 Sch
524 4130 554 4175 21
574 4124 710 4172 tubicinam
728 4125 748 4170 F
765 4140 820 4172 corr
838 4125 886 4172 Seh
903 4125 946 4172 Mu
999 4125 1030 4171 22
1050 4122 1134 4186 [inerit]
1152 4125 1202 4171 secl
1219 4124 1262 4170 Mu
