3082 4950
821 237 864 306 20

228 390 256 456 si
283 392 360 472 quid
387 393 426 458 ab
455 394 495 458 iis
524 394 685 475 petiisset,
718 394 917 477 impetraret.
949 398 1025 460 tunc
1055 413 1129 476 ergo
1160 395 1344 476 Neptunus,
1375 395 1463 477 quod

228 501 391 569 Minervae
419 509 488 569 erat
517 504 668 586 infestus,
696 505 863 586 instigavit
888 506 1062 571 Vulcanum
1084 505 1259 570 Minervam
1287 512 1400 587 petere
1430 507 1463 570 in

227 615 416 697 coniugium.
446 635 508 697 qua
529 635 565 680 re
586 617 759 697 impetrata
780 617 813 681 in
837 617 1011 681 thalamum
1035 635 1104 681 cum
1127 616 1283 697 venisset,
1313 617 1462 682 Minerva

226 726 347 791 monitu
362 727 446 792 Iovis
469 727 683 809 virginitatem
707 745 799 792 suam
820 726 917 792 armis
941 727 1092 808 defendit,
1113 727 1258 810 interque
1273 728 1461 793 luctandum

196 838 264 903 hex
293 841 412 903 semine
440 839 507 903 eius
538 840 623 921 quod
652 839 683 903 in
716 845 833 904 terram
861 840 979 904 decidit
1008 845 1103 904 natus
1131 846 1182 905 est
1207 860 1300 921 puer,
1330 840 1384 921 qui
1414 840 1462 905 iu·

228 947 376 1013 seriorem
399 955 523 1031 partem
546 951 692 1015 draconis
708 950 834 1029 habuit3
857 969 950 1031 quem
967 951 1206 1016 Erichthonium
1221 951 1293 1016 ideo
1315 951 1461 1016 nomina·

224 1064 314 1139 runt,
336 1062 420 1142 quod
444 1055 511 1145 ἔρις
533 1079 646 1140 graece
669 1062 801 1126 certatm
825 1061 956 1142 dicitur,
977 1059 1069 1140 χθών
1092 1067 1199 1126 autem
1222 1068 1309 1126 terra
1332 1061 1459 1126 diriter.

224 1188 317 1250 quem
328 1170 471 1236 Minerva
486 1189 555 1236 eum
572 1171 653 1236 clam
668 1172 813 1252 nutriret,
831 1173 919 1237 dedit
933 1172 965 1236 in
982 1172 1097 1238 cistula
1112 1159 1302 1238 servandum
1315 1174 1458 1254 Aglauro

224 1280 389 1346 Pandroso
417 1288 449 1347 et
470 1282 595 1347 Hersae
618 1281 767 1364 Cecropis
789 1282 925 1348 filiabus,
958 1283 1019 1347 hae
1048 1302 1118 1349 cum
1142 1284 1288 1349 cistulam
1312 1285 1460 1366 aperuis-

173 1393 296 1458 ldsent
319 1393 425 1458 cornix
446 1392 611 1473 indicavit3
642 1393 717 1459 illae
745 1413 764 1460 a
785 1395 930 1462 Minerva
951 1395 1077 1460 insania
1105 1395 1229 1461 obiecta
1249 1395 1341 1477 ipsae
1364 1414 1400 1462 se
1424 1397 1457 1460 in

222 1521 309 1568 mare
331 1503 630 1586 praecipitaverunt.

704 1703 848 1769 CLXVII
868 1703 965 1769 Liber

305 1837 400 1902 Liber
414 1837 499 1903 lovis
522 1843 553 1902 et
568 1838 780 1920 Proserpinae
801 1838 885 1904 filius
905 1839 1062 1903 aTitanis
1085 1843 1135 1904 est
1156 1840 1340 1919 distractus,
1363 1839 1454 1904 cuius

221 1966 275 2013 cor
297 1948 466 2014 contritum
488 1949 575 2013 Iouis
598 1949 743 2015 Semelae
773 1951 862 2016 dedit
884 1950 916 2015 in
939 1950 1109 2030 potionem.
1143 1968 1180 2014 ex
1210 1969 1247 2015 eo
1268 1968 1454 2031 praegnans

221 2077 291 2124 cum
314 2064 401 2124 esset
421 2058 519 2141 facta,
549 2061 628 2124 Iuno
650 2061 683 2126 in
705 2062 827 2127 Beroen
849 2061 1002 2126 nutricem
1025 2060 1166 2127 Semeles
1189 2080 1225 2125 se
1247 2063 1456 2127 commutavit

172 2168 212 2235 15
222 2177 255 2236 et
274 2170 331 2235 ait:
355 2170 505 2252 ‘alumna
528 2177 602 2253 pete
624 2173 740 2238 a‘Iove
763 2179 799 2237 ut
821 2171 866 2237 sic
888 2173 929 2236 ad
951 2177 984 2236 te
1005 2174 1121 2253 veniat,
1144 2191 1236 2254 quem
1259 2175 1300 2237 ad
1322 2174 1455 2239 modum

221 2284 263 2348 ad
292 2284 461 2363 Iunonem,
490 2288 526 2347 ut
555 2282 638 2349 scias
667 2302 750 2364 quae
779 2284 928 2365 uoluptas
961 2287 1012 2348 est
1041 2302 1111 2348 cum
1139 2285 1198 2350 deo
1227 2284 1453 2350 concumbere'.

220 2395 280 2459 Illa
306 2399 411 2459 autem
439 2394 594 2476 instigata
622 2394 704 2477 petit
726 2394 765 2459 ab
792 2395 881 2474 Iove,
912 2401 945 2458 et
965 2394 1096 2459 fnlmme
1125 2400 1175 2460 est
1196 2395 1268 2460 icta.
1300 2414 1338 2459 ex
1360 2396 1453 2461 cuius

220 2511 311 2571 utero
333 2505 481 2572 Liberum
503 2506 590 2570 exuit
611 2511 644 2571 et
664 2506 752 2588 Nyso
776 2505 864 2570 dedit
885 2506 1087 2571 nutriendum
1108 2507 1193 2570 unde
1215 2506 1376 2588 Dionysus
1400 2514 1455 2573 est

220 2617 402 2699 appellatus
425 2622 457 2682 et
477 2617 619 2683 Bimater
642 2622 692 2683 est
713 2617 828 2683 dIctus.

652 2814 788 2907 jOXLVI
809 2813 1008 2896 Proserpinal

168 2947 211 3012 20
304 2947 419 3014 Pluton
449 2949 532 3030 petit
559 2949 599 3014 ab
630 2950 705 3015 Iove
732 2949 955 3031 Proserpinam
984 2948 1081 3013 filiam
1109 2949 1178 3014 eius
1207 2953 1240 3014 et
1265 2948 1388 3015 Cereris
1417 2951 1452 3016 in

218 3059 397 3141 coniugium
418 3060 540 3140 [daretl.
582 3061 667 3126 Iovis
688 3061 818 3142 negavit
834 3059 980 3125 Cererem
1001 3078 1169 3141 passuram
1191 3064 1228 3124 ut
1247 3058 1313 3126 filia
1335 3080 1395 3126 sua
1417 3063 1452 3129 in

216 3176 337 3238 tartaro
352 3171 551 3236 tenebricoso
574 3171 625 3253 sit,
648 3173 707 3237 sed
721 3172 810 3238 iubet
824 3190 895 3237 eum
909 3190 1023 3253 rapere
1039 3189 1109 3241 eam
1123 3169 1217 3237 fiores
1240 3172 1399 3254 legentem
1416 3174 1452 3240 in

218 3290 326 3351 monte
347 3286 457 3363 Aetna,
480 3283 534 3364 qui
556 3289 606 3348 est
627 3283 660 3348 in
676 3282 791 3349 Sicilia
813 3283 846 3348 in
869 3301 931 3364 quo
947 3282 1139 3366 Proserpina
1160 3284 1235 3347 dum
1257 3282 1352 3350 flores
1376 3303 1451 3352 cum

217 3397 341 3462 Venere
363 3400 395 3460 et
415 3393 520 3459 Diana
542 3399 575 3459 et
595 3393 738 3460 Minerva
759 3393 854 3477 legit,
883 3394 998 3460 Pluton
1022 3394 1186 3476 quadrigis
1208 3395 1293 3460 venit
1322 3402 1354 3460 et
1377 3415 1451 3463 eam

167 3502 209 3567 25
217 3507 339 3589 rapuit.
369 3505 453 3587 quod
484 3509 598 3586 postea
620 3504 716 3570 Ceres
744 3504 784 3570 ah
804 3507 880 3570 Iove
909 3505 1106 3589 impetravit,
1136 3512 1173 3569 ut
1200 3505 1332 3572 dimidia
1354 3513 1450 3589 parte

218 3617 293 3685 anni
315 3618 399 3700 apud
423 3635 472 3698 se,
495 3616 626 3682 dimidia
648 3617 733 3698 apud
754 3615 923 3683 Plutonem
946 3622 1041 3683 esset.

216 3758 347 3807 delendum
359 3771 413 3805 esse
423 3762 505 3805 censet
514 3757 644 3817 Wopkens
663 3753 674 3822 ΙΙ
692 3757 784 3818 alone]
801 3754 833 3804 ab
850 3754 942 3804 10er
987 3757 1001 3802 7
1020 3756 1099 3805 crisa*
1120 3752 1130 3823 {1
1150 3756 1274 3803 chthonI'
1308 3759 1322 3804 9
1342 3757 1449 3805 herseF

218 3854 248 3900 10
266 3852 292 3899 In
309 3850 386 3912 mare]
404 3851 435 3898 de
450 3864 507 3898 aree
524 3851 615 3911 Hygin.
634 3855 725 3899 astron.
742 3851 768 3897 II
787 3852 817 3897 13

284 3943 436 4005 laritanis]
455 3945 486 3992 cf.
505 3942 547 3991 CL
594 3942 893 4003 rasemeIeFSeme1e‚
913 3942 999 3991 Comm
1047 3946 1078 3992 15
1095 3944 1126 3991 ab
1146 3941 1244 3992 Iove}
1298 3947 1329 3992 lo
1348 3944 1394 4007 est]
1415 3946 1448 3991 rit

214 4040 270 4088 Sch.
289 4055 303 4088 ο
319 4040 368 4086 sah.
383 4038 561 4095 CLXXVIIII,
586 4038 629 4084 ubi
648 4039 733 4086 eadem
757 4042 886 4084 narrantur
931 4039 962 4085 19
982 4039 1016 4099 [ct
1038 4039 1143 4086 bimuter
1161 4045 1198 4087 est
1215 4037 1303 4098 dictus]
1323 4039 1382 4086 secl.
1401 4040 1447 4086 Mu

215 4134 323 4182 defendit
339 4133 424 4193 Lange
439 4146 462 4191 p.
477 4133 508 4180 36
529 4128 540 4197 [Ι
559 4136 636 4178 totum
654 4135 728 4191 eaput
745 4133 802 4178 secl.
821 4132 926 4181 Bursian
946 4133 999 4179 IIB.
1018 4132 1101 4180 XCIII
1119 4148 1143 4193 p.
1158 4135 1205 4182 777

283 4225 393 4294 [CXLVI
409 4222 564 4291 Proserpiual
589 4227 638 4273 add
655 4226 770 4288 Micyllus
815 4228 847 4275 20
867 4227 937 4287 petiit
955 4227 1059 4275 Bursian
1107 4229 1137 4274 21
1163 4227 1233 4273 daret
1249 4227 1307 4274 secl.
1326 4226 1445 4287 Bursian,

214 4320 260 4368 aui
274 4322 301 4369 in
316 4320 451 4380 coniugium
468 4319 537 4366 daret
548 4319 599 4378 Mu,
616 4320 672 4366 Iove
689 4326 715 4367 ut
731 4318 778 4366 aidi
793 4320 961 4382 bosanhamm
975 4322 1014 4368 Bu
1031 4321 1161 4370 voluerant
1212 4323 1244 4370 25
1262 4320 1327 4380 quod
1346 4322 1444 4383 posteo]

214 4413 245 4463 cf.
264 4413 381 4464 cmm
