3082 4950
687 218 748 284 121

106 370 190 436 redit
204 370 238 436 in
253 371 399 454 gratiam.
421 371 625 439 nihilominus
639 372 697 439 illa
717 373 833 438 timens
849 371 1004 436 Auroram
1022 367 1178 435 matutino
1192 371 1336 449 tempore

106 486 216 547 secuta
240 502 328 584 pum,
349 488 386 548 ut
408 484 608 565 observaret,
632 488 729 567 atque
751 484 836 549 inter
851 481 991 565 virgulta
1013 480 1147 546 delituit.
1169 497 1251 562 quae
1273 478 1335 543 vir·
1391 470 1393 477 ’

107 593 199 674 gulta
220 611 290 658 cum
306 595 466 677 Cephalus
488 597 609 661 moveri
630 595 718 676 vidit,
735 595 874 661 iaculum
896 592 1077 658 inevitabile
1099 592 1187 657 misit
1208 596 1241 656 et
1257 590 1334 654 Pro·
1389 672 1392 678 .

105 704 172 769 cn'n
195 705 359 788 coniugem
382 725 472 772 suam
494 706 660 773 interfecit.
691 725 730 772 ex
751 725 814 788 qua
836 704 996 787 Cephalus
1018 702 1129 768 habuit
1153 703 1253 768 filium
1274 703 1334 766 Ar-

105 815 240 898 cesium,
261 835 300 882 ex
321 834 383 900 quo
405 819 549 885 nascitur
569 821 703 885 Laertes
725 817 852 900 Ulyssis
874 821 976 898 pater.
1342 807 1363 872 5
1411 828 1420 856 Ι

546 1101 549 1105 Α
593 1015 673 1081 CXC
694 1016 843 1082 Theonoe

190 1150 328 1217 Thestor
347 1151 464 1218 mantis
487 1151 600 1217 habuit
620 1151 826 1218 Calchantem
846 1151 945 1216 filium
975 1154 1008 1216 et
1029 1148 1212 1230 Leucippen
1234 1146 1331 1212 filiam

106 1266 139 1327 et
154 1262 323 1328 Tbeonoen
342 1280 437 1345 quam
453 1263 616 1329 ludentem
633 1281 653 1328 a
674 1263 754 1352 mari
771 1263 896 1345 piratae
912 1264 1087 1344 rapuerunt
1102 1265 1134 1325 et
1150 1257 1333 1325 detulerunt

106 1373 140 1439 in
162 1373 302 1455 Cariam;
333 1393 427 1456 quam
453 1393 510 1440 rex
530 1374 640 1440 Icarus
663 1374 724 1440 sibi
751 1375 784 1439 in
807 1373 1048 1439 concubinatum
1070 1370 1154 1437 emit
1197 1370 1334 1435 Thestor

105 1490 211 1551 autem
233 1485 300 1550 filia
316 1487 436 1552 amissa
451 1485 636 1567 inquisitum
651 1485 813 1568 proiectus
832 1489 890 1565 est,
912 1485 966 1566 qrri
982 1483 1148 1565 naufragio
1163 1482 1196 1548 in
1213 1486 1332 1547 terram

105 1595 231 1662 Cariam
252 1596 340 1661 venit
362 1596 447 1662 etin
468 1597 595 1663 vincula
617 1603 667 1662 est
685 1597 845 1663 coniectus
867 1597 919 1678 ibi,
940 1595 995 1661 nbi
1012 1599 1044 1660 et
1059 1596 1208 1660 Theonoe
1229 1593 1382 1659 mora-10
1451 1668 1455 1674 ,

104 1707 208 1773 batur.
252 1708 413 1790 Leucippe
435 1713 542 1774 autem
563 1713 657 1790 patre
679 1712 712 1773 et
734 1727 844 1774 sorore
864 1708 991 1774 amissis
1014 1707 1156 1788 Delphos
1178 1706 1269 1788 petit,
1291 1723 1333 1770 an
1486 1686 1489 1693 ¹

106 1837 213 1885 eorum
235 1819 318 1886 foret
339 1818 553 1902 investigatio.
576 1825 643 1884 turn
660 1820 775 1901 Apollo
791 1820 972 1902 respondit:
995 1822 1062 1900 ‘pro
1077 1837 1147 1883 meo
1166 1818 1333 1883 sacerdote

105 1949 164 2012 per
187 1936 289 1996 terras
317 1930 399 1997 vade
428 1936 460 1997 et
486 1949 542 1996 eos
564 1931 724 2013 reperies’.
766 1931 927 2012 Leucippe
955 1935 1041 1996 sorte
1068 1929 1178 1994 audita
1199 1928 1332 2010 capillos

105 2041 246 2107 totondit
276 2046 372 2124 atque
400 2061 459 2124 pro
490 2042 604 2109 iuvene
632 2043 798 2108 sacerdote
826 2041 942 2108 circum
971 2046 1074 2106 terras
1106 2040 1170 2106 erit
1200 2039 1332 2105 investi-

104 2159 224 2236 gatum.
253 2171 335 2235 quae
361 2171 432 2219 cum
453 2154 487 2219 in
509 2153 633 2220 Cariam
657 2153 841 2220 devenisset
869 2158 902 2218 et
922 2153 1071 2219 Theonoe
1094 2171 1164 2218 eam
1189 2152 1332 2234 vidisset,
1342 2151 1382 2217 15

105 2264 290 2331 existimans
313 2265 513 2330 sacerdotem
541 2284 613 2331 esse
632 2264 825 2355 inlamorem
847 2263 914 2329 eius
937 2263 1048 2328 incidit
1068 2264 1219 2346 iubetque
1237 2264 1278 2328 ad
1297 2282 1333 2328 se

105 2375 253 2458 perduci,
283 2380 319 2441 ut
348 2395 419 2442 curn
442 2394 480 2443 eo
503 2376 733 2441 concumberet.
763 2365 819 2441 illa'
845 2380 951 2440 autem
977 2374 1052 2456 quia
1080 2374 1242 2455 holemina
1263 2377 1333 2440 erat

105 2493 202 2569 negat
228 2487 262 2551 id
291 2504 389 2568 posse
415 2486 499 2554 lieri:
529 2487 679 2552 Theonoe
705 2487 790 2552 irata
815 2486 904 2552 iubet
926 2486 1126 2551 sacerdotem
1152 2485 1272 2551 includi
1299 2484 1332 2549 in

106 2597 284 2663 cubiculum
302 2603 399 2680 atque
419 2598 555 2679 aliquem
572 2617 611 2663 ex
627 2598 791 2680 ergastulo
807 2597 926 2677 venire,
949 2596 1002 2686 qui
1021 2597 1218 2663 sacerdotem
1235 2597 1333 2662 inter·

103 2709 222 2775 ficeret.
252 2728 345 2791 quem
368 2710 409 2774 ad
430 2709 683 2775 interficiendum
704 2708 841 2774 mittitur
866 2727 963 2774 senex
985 2708 1122 2773 Thestor
1147 2704 1381 2790 imprudens20

104 2822 147 2887 ad
166 2819 265 2885 filiam
287 2838 393 2885 suam:
421 2839 515 2902 quem
536 2821 685 2886 Theonoe
706 2840 770 2886 non
792 2820 923 2903 agnovit
945 2821 1063 2902 datque
1084 2820 1113 2885 ei
1136 2820 1276 2902 gladium
1299 2825 1333 2886 et

103 2931 194 2997 iubet
209 2949 281 2996 eum
297 2933 494 2998 sacerdotem
510 2931 697 2998 interficere.
719 2931 773 3014 qui
790 2951 860 2997 cum
875 2931 1029 2998 intrasset
1042 2936 1075 2997 et
1088 2932 1230 3014 gladium
1243 2937 1332 2998 tene-

103 3046 162 3123 ret,
184 3042 370 3108 Thestorem
392 3061 428 3108 se
449 3043 582 3110 vocitari
602 3043 691 3123 dixit,
713 3043 838 3109 duabus
859 3042 933 3109 filiis
955 3043 1117 3126 Leucippe
1138 3049 1169 3109 et
1184 3044 1332 3109 Theonoe

104 3153 233 3219 amissis
252 3153 392 3219 adhunc
414 3153 565 3235 exit[i]um
581 3155 724 3235 venisse,
745 3159 781 3219 ut
803 3154 863 3220 sihi
879 3154 985 3221 scelus
1004 3154 1223 3237 imperaretur.
1246 3155 1332 3236 quod

102 3265 157 3331 ille
176 3265 210 3330 in
233 3283 269 3330 se
292 3283 362 3329 cum
379 3265 593 3331 convertisset
614 3271 646 3331 et
663 3267 761 3332 vellet
781 3266 885 3348 ipsum
909 3285 945 3332 se
962 3265 1149 3347 interficere,
1169 3266 1331 3348 Leucippe
1339 3261 1381 3327 25

103 3377 214 3459 audito
236 3375 339 3459 'patris
361 3377 487 3443 nomine
510 3376 651 3458 gladium
674 3376 704 3443 ei
726 3377 867 3444 extorsit
898 3396 980 3459 quae
1007 3378 1050 3442 ad
1070 3377 1213 3459 reginam
1234 3378 1332 3443 inter-

101 3487 269 3554 ficiendam
282 3492 318 3551 nt
329 3488 461 3568 veniret,
478 3494 602 3570 patrem
615 3476 802 3554 Thestorem
816 3488 850 3554 in
863 3488 1021 3554 adiutorio
1033 3488 1167 3570 vocavit,
1183 3489 1331 3556 Theonoe
1397 3502 1400 3528 ²

102 3742 118 3787 2
138 3735 186 3805 {arti
204 3739 274 3787 cami
300 3738 348 3786 nisi
365 3742 475 3799 praestat
491 3737 674 3787 observarew
692 3746 764 3800 atquc
814 3742 830 3787 4
848 3753 878 3787 aa
894 3754 943 3798 qua
961 3775 967 3787 .
985 3774 991 3786 .
1010 3745 1103 3800 ‚poter
1122 3755 1154 3788 an
1172 3739 1265 3802 Hygini
1282 3741 1332 3790 sint

102 3834 200 3881 dubitat
216 3831 242 3883 Σ
262 3829 273 3900 11
293 3833 404 3881 archium
421 3833 442 3878 T
460 3847 515 3880 corr
532 3833 588 3881 Mic
607 3835 622 3880 i.
640 3848 665 3880 m

171 3923 316 3988 bleucippe
334 3929 356 3974 1⁴¹
375 3924 385 3994 11
397 3927 468 3989 filias
486 3928 641 3988 Leucippen?
687 3931 701 3977 7
720 3943 792 3989 quern
810 3929 830 3975 F
848 3943 920 3988 quam
937 3929 1024 3976 Comm
1036 3925 1046 3994 ΙΙ
1058 3929 1094 3976 ad
1108 3944 1175 3976 mara
1192 3928 1332 3977 dubitanter

103 4021 167 4071 coni.
185 4022 236 4083 Mu,
255 4037 303 4070 rac.
315 4023 354 4068 Bu
397 4025 426 4070 11
442 4020 522 4082 pecu*
540 4037 574 4068 aa
585 4023 708 4084 Micyllus,
726 4039 776 4071 non
789 4037 850 4083 opus
893 4025 924 4070 16
943 4024 1108 4072 aestimansil
1126 4039 1182 4072 corr
1193 4021 1218 4072 Σ
1231 4022 1242 4088 ΙΙ
1253 4039 1332 4072 saecr-

102 4116 225 4162 doramll
285 4117 316 4163 19
340 4116 494 4163 interfecerat
515 4116 536 4162 F
561 4132 622 4164 corr.
642 4116 728 4164 Comm
786 4120 817 4165 21
841 4118 953 4176 quaml*
976 4133 1044 4178 qaam
1067 4118 1124 4166 lllie.
1142 4119 1158 4164 i.
1177 4134 1201 4165 m
1224 4123 1248 4166 et
1269 4120 1332 4166 luda

101 4211 223 4257 Bonutius
268 4213 299 4258 22
318 4210 361 4269 qai
378 4203 523 4277 iudicatam}
543 4226 595 4258 cam
614 4208 639 4260 Σ
684 4213 716 4259 23
734 4211 796 4258 dixit
814 4206 849 4276 letl
868 4211 923 4259 coni
935 4213 974 4260 Bu
1017 4217 1048 4261 21
1068 4214 1098 4261 ad
1117 4214 1183 4261 hunc
1199 4214 1331 4261 exitiumF

101 4304 136 4352 ad
152 4304 196 4351 boo
213 4303 310 4351 coritium
327 4303 414 4351 Comm
467 4308 498 4354 26
516 4304 718 4352 interfaeiendam
736 4307 757 4352 F
775 4320 830 4353 corr
847 4305 934 4355 Comm
991 4309 1022 4355 27
1041 4307 1104 4355 veuit
1120 4314 1143 4354 et
1159 4307 1218 4355 olim
1236 4310 1292 4356 coni
1306 4306 1331 4358 Σ

104 4397 118 4465 Η
128 4398 154 4445 in
171 4399 298 4450 secludere
315 4399 387 4445 malit
403 4398 443 4445 Bu
460 4398 549 4446 vendet
566 4398 697 4456 adiutorio,
711 4406 808 4460 patrem
829 4399 962 4448 Thestorem
979 4400 1100 4448 moocooit
1116 4416 1182 4449 nuno
1199 4402 1255 4449 coni
1272 4399 1298 4451 Σ
