3082 4950
736 239 797 305 139

150 393 224 460 filia.
271 393 458 460 Salmoneus
476 393 530 475 qui
549 392 682 460 fulmina
703 393 735 458 in
753 392 949 476 quadrigata]
972 392 1089 458 sedens
1103 389 1289 457 imitabatur
1311 406 1381 455 eum

151 505 308 588 quadriga
328 505 458 570 fulmine
479 504 571 571 ictus.

305 701 400 768 CCLI
423 702 485 779 Qui
505 702 634 769 licentia
656 702 828 769 Parcarum
851 701 891 767 ab
913 701 1023 767 inferis
1045 700 1217 766 redierunt.

237 839 332 906 Ceres
347 840 570 921 Proserpinam
592 839 690 906 filiam
714 858 803 905 suam
826 856 994 921 quaerens.
1038 837 1134 903 Liber
1155 842 1247 920 pater
1269 838 1310 902 ad
1327 837 1382 903 Se·

150 951 251 1016 melen
274 955 408 1016 matrem
430 969 520 1016 suam
544 936 654 1017 Cadmi
675 950 772 1016 filiam
796 949 971 1016 descendit.
1014 949 1168 1014 Hercules
1190 948 1276 1013 Iouis
1297 948 1382 1013 filius
1489 930 1492 935 ’

150 1062 193 1127 ad
216 1080 325 1127 canem
343 1062 514 1128 Cerberum
536 1062 741 1128 educendum.
785 1061 954 1144 Asclepius
980 1061 1137 1143 Apollinis
1161 1066 1195 1126 et
1216 1058 1412 1126 Coronidisb

149 1172 245 1239 filius.
288 1172 403 1239 Castor
433 1178 465 1239 et
492 1173 605 1239 Pollux
633 1175 718 1240 Iovis
748 1178 781 1239 et
808 1174 917 1239 Ledae
945 1172 1003 1238 filii
1034 1171 1213 1238 ‘alterna
1242 1169 1384 1236 morte'

150 1282 408 1375 redeuntles{**:
431 1285 628 1352 Protesilaus
650 1268 763 1367 Iphicli
784 1284 869 1352 filius
891 1290 1028 1367 propter¹
1044 1283 1252 1349 Laodamiam
1275 1283 1386 1348 Acasti

149 1395 257 1462 filiam.
300 1378 438 1461 Alcestis
461 1396 569 1461 Peliae
590 1395 657 1462 lilia
676 1401 809 1479 propter
830 1397 1000 1461 Admetum
1029 1395 1207 1477 coniugem:
1240 1394 1383 1460 Theseus

150 1508 248 1589 Aegei
271 1506 356 1572 filius
378 1513 510 1589 propter
531 1507 723 1572 Pirithoum:
749 1507 945 1590 Hippolytus
968 1506 1082 1572 Thesei
1111 1505 1196 1571 filius
1218 1506 1384 1571 uoluntate

150 1618 290 1698 Dianae,
312 1619 366 1701 qui
387 1623 502 1701 postea
523 1619 652 1684 Virbius
675 1624 726 1684 est
748 1619 938 1700 appellatus.
982 1618 1144 1702 [Orpheus
1162 1617 1278 1700 Oeagri
1298 1617 1384 1684 filius
1394 1618 1435 1683 10

150 1735 282 1813 propter
304 1730 483 1813 Eurydicen
515 1730 681 1812 coniugem
711 1735 823 1811 suam]
867 1729 990 1795 Adonis
1013 1729 1148 1811 Cinyrae
1177 1735 1210 1794 et
1230 1730 1386 1812 Zmyrnae

149 1841 236 1907 filius
255 1841 419 1908 voluntate
436 1841 585 1907 Veneris:
608 1841 749 1908 Glaucus
766 1842 882 1907 Minois
904 1841 998 1922 filius,
1021 1841 1191 1906 restitutus
1213 1827 1233 1906 a
1252 1840 1384 1923 Polyido

134 1953 286 2026 Coerani
307 1952 388 2018 filio:
411 1953 544 2035 Ulysses
561 1954 698 2018 Laertae
719 1952 805 2019 filius
824 1957 955 2036 propter
975 1957 1137 2034 †patrem.
1180 1954 1305 2018 Aeneas
1322 1955 1385 2017 An·

151 2065 261 2130 ohIsae
275 2063 360 2131 filius
377 2070 510 2147 propter
529 2069 669 2146 patrem:
692 2065 869 2131 Mercurius
887 2065 993 2130 Maiae
1009 2063 1095 2130 filius
1114 2063 1245 2130 assiduo
1263 2063 1385 2129 itinere.

407 2260 519 2327 CCLII
541 2261 602 2339 Qui
624 2261 732 2326 lacte
753 2260 768 2326 f
774 2261 887 2326 erino
909 2260 1021 2326 nutriti
1044 2264 1127 2326 sunt.

236 2396 397 2478 Telephus
418 2397 564 2463 Herculis
587 2402 620 2462 et
642 2398 750 2480 Auges
772 2397 857 2462 filius
881 2397 921 2462 ab
944 2415 1046 2462 cerva.
1088 2397 1263 2479 Aegisthus
1285 2397 1436 2481 Thya-15

150 2508 211 2575 stis
240 2513 274 2572 et
295 2507 445 2590 Pelopiae
471 2507 556 2573 filius
586 2508 626 2573 ab
649 2526 753 2590 capra.
798 2509 918 2574 Aeolus
948 2514 980 2573 et
1002 2506 1160 2592 Boeloltus
1182 2509 1323 2590 Neptuni
1354 2515 1386 2574 et

151 2620 353 2702 Melanippes
375 2618 432 2684 filii
459 2636 606 2685 suasca.
650 2618 854 2701 Hippothous
876 2619 1018 2701 Neptuni
1042 2625 1074 2686 at
1095 2620 1214 2704 Alopes
1237 2619 1322 2685 filius
1346 2621 1385 2686 ab

151 2729 298 2813 equa.**
341 2731 496 2795 Romulus
525 2735 556 2796 et
577 2731 696 2796 Remus
719 2731 832 2796 Martis
861 2736 894 2796 et
914 2729 993 2795 lliae
1019 2730 1076 2795 filii
1103 2730 1144 2796 ab
1166 2731 1251 2812 lupa.
1295 2731 1387 2797 Anti-

150 2841 261 2909 lochus
283 2842 430 2909 Nestoris
451 2842 536 2908 filius
560 2842 724 2925 expositus
745 2842 777 2908 in
793 2842 853 2907 Ida
874 2847 982 2907 monte
1004 2842 1046 2909 ab
1061 2860 1148 2908 cane.
1193 2843 1386 2926 [Harpalyce

151 3125 239 3193 llidem
263 3126 318 3174 coni
338 3124 429 3191 lIlilbiil
446 3126 542 3186 filium,
568 3142 601 3175 sc.
621 3127 724 3175 fulmine
741 3128 863 3188 percussit
888 3128 918 3175 ef.
938 3126 1051 3175 CCLXX
1106 3129 1309 3189 lquadrIgasI'l
1331 3145 1387 3177 oorr

151 3220 284 3281 Scioppius
302 3218 365 3284 (Mu)

220 3315 382 3364 isameliF
409 3313 521 3361 Semelam
538 3314 624 3362 Comm
683 3318 699 3363 A
722 3315 857 3378 descendit]
880 3315 1025 3363 educendam
1043 3316 1087 3362 Ila
1145 3319 1159 3364 6
1184 3317 1309 3363 laadaeF
1332 3331 1387 3363 corr

151 3410 239 3458 Comm
296 3413 309 3458 1
336 3408 477 3457 redeuntF
500 3409 531 3455 cf.
550 3408 645 3454 LXXX
668 3423 725 3455 mox
750 3410 882 3457 inserenda
907 3413 964 3458 sunt
989 3411 1066 3458 verba
1091 3391 1215 3470 ‘Orpheus
1234 3447 1239 3455 .
1260 3446 1265 3457 .
1285 3442 1291 3455 .
1309 3409 1386 3457 suam'

152 3507 167 3551 8
187 3503 251 3564 pelei
269 3505 289 3549 1⁴*
308 3518 362 3550 corr
379 3503 422 3550 Mu
471 3507 500 3550 11
520 3503 660 3564 eurydicem
678 3499 721 3568 Fi]
741 3519 847 3566 cynyrae
863 3506 884 3551 F
902 3520 957 3552 oorr
975 3503 1061 3552 Comm
1074 3501 1085 3568 ΙΙ
1109 3503 1217 3550 amIrnae
1234 3504 1255 3549 F
1274 3518 1388 3564 zmyrnae

153 3598 240 3646 Comm
259 3597 323 3658 (Mu)
341 3597 459 3656 Smyrnae
477 3597 525 3645 Sch
579 3599 610 3644 13
629 3598 744 3645 cureuil*
763 3613 818 3646 corr
835 3599 878 3646 Mu
897 3597 909 3666 ll
927 3605 1025 3645 matrem
1044 3597 1093 3645 Seh
1105 3597 1216 3657 patriam
1234 3602 1325 3646 temero
1343 3600 1386 3647 Mu

153 3695 186 3740 14
205 3691 340 3738 Mercurius
359 3727 365 3738 .
384 3727 390 3739 .
409 3728 415 3739 .
433 3693 518 3740 itinere
535 3695 578 3739 aut
595 3692 679 3751 spuria
697 3696 755 3739 sunt
772 3697 815 3739 aut
832 3693 863 3740 ad
881 3693 968 3754 capitis
987 3691 1114 3738 exordium
1132 3692 1272 3739 revocanda

221 3769 406 3834 re'thiestisll
429 3800 484 3833 corr
503 3784 589 3832 Comm
654 3787 684 3833 IC
708 3787 835 3834 boitusN
860 3803 915 3835 corr
932 3787 974 3834 Mu
995 3783 1006 3851 [1
1031 3785 1168 3846 Metaponti
1191 3785 1242 3834 sab.
1256 3785 1386 3836 CXXXVI

153 3884 183 3928 17
203 3879 390 3940 menalippesF
408 3895 463 3927 corr
474 3880 514 3927 Bu
525 3876 536 3947 ΙΙ
548 3885 605 3940 post
622 3879 715 3927 ‘vacca’
733 3882 854 3930 excidisse
872 3882 949 3929 verba
967 3881 1045 3927 Peliae
1063 3879 1171 3940 Neptuni
1187 3888 1210 3928 et
1223 3881 1302 3942 Tynna
1316 3883 1383 3942 filine

151 3973 183 4021 ab
201 3989 263 4033 equa
280 3973 344 4021 coni.
363 3971 388 4023 Σ
407 3976 463 4022 coll.
482 3975 578 4022 Aeliam.
595 3974 626 4020 V.
645 3975 676 4020 H.
695 3975 744 4022 XII
762 3977 793 4024 41
855 3979 885 4024 18
903 3980 960 4036 post
983 3973 1061 4034 ‘equa’
1080 3974 1158 4022 verba
1176 3975 1310 4038 ‘harpalice
1329 4011 1335 4023 .
1354 4013 1359 4024 .
1379 4012 1385 4024 .

153 4069 185 4116 ab
204 4068 274 4128 equa’
293 4067 339 4115 trai
358 4066 383 4117 Σ
432 4072 462 4117 19
480 4076 537 4129 post
554 4068 662 4115 Nestoris
681 4070 800 4117 nonnulla
818 4071 903 4117 deesse
920 4069 1036 4116 videntur
1054 4066 1087 4127 Σ,
1105 4069 1187 4129 possis
1207 4069 1236 4133 let
1247 4069 1387 4118 Anaxibiae

150 4164 216 4222 filine
234 4179 250 4209 a
270 4199 275 4211 .
295 4183 326 4209 .’.
345 4163 415 4209 Paris
434 4163 527 4209 Priami
543 4170 565 4210 et
582 4162 700 4228 Hecubae!
719 4179 867 4224 quamquam
886 4164 1053 4210 Alexandrum
1071 4163 1103 4210 ab
1121 4178 1187 4223 ursa,
1206 4165 1298 4226 Cyrum
1316 4165 1385 4213 Idan·

152 4260 230 4306 danes
248 4257 325 4305 filium
350 4272 364 4304 a
390 4271 451 4304 cane
473 4258 590 4304 nutritum
616 4263 701 4305 narrat
717 4258 806 4305 Aeliam
824 4257 891 4304 HV.
910 4258 960 4304 XII
976 4259 1009 4306 42
1064 4259 1103 4306 19.
1123 4262 1134 4305 1
1154 4273 1179 4318 p.
1196 4260 1243 4307 140
1260 4260 1387 4320 harpalice

151 4352 274 4412 harpaIIci
290 4353 311 4397 F
329 4365 385 4398 corr
402 4351 440 4398 Bu
